@ARTICLE{2018ApJ...866L..22L,
       author = {{Law}, C.~J. and {Gaensler}, B.~M. and {Metzger}, B.~D. and {Ofek},
        E.~O. and {Sironi}, L.},
        title = ``{Discovery of the Luminous, Decades-long, Extragalactic Radio Transient
        FIRST J141918.9+394036}'',
      journal = {\apj},
     keywords = {catalogs, gamma-ray burst: general, radio continuum: general, stars:
        magnetars, surveys, Astrophysics - High Energy Astrophysical
        Phenomena},
         year = 2018,
        month = Oct,
       volume = {866},
          eid = {L22},
        pages = {L22},
          doi = {10.3847/2041-8213/aae5f3},
 primaryClass = {astro-ph.HE},
       adsurl = {https://ui.adsabs.harvard.edu/#abs/2018ApJ...866L..22L},
      adsnote = {Provided by the SAO/NASA Astrophysics Data System}
}

@ARTICLE{2018arXiv180903043Z,
       author = {{Zhang}, Yunfan Gerry and {Gajjar}, Vishal and {Foster}, Griffin and
        {Siemion}, Andrew and {Cordes}, James and {Law}, Casey and
        {Wang}, Yu},
        title = ``{Fast Radio Burst 121102 Pulse Detection and Periodicity: A Machine
        Learning Approach}'',
      journal = {ArXiv e-prints},
     keywords = {Astrophysics - High Energy Astrophysical Phenomena, Astrophysics -
        Instrumentation and Methods for Astrophysics},
         year = 2018,
        month = Sep,
          eid = {arXiv:1809.03043},
        pages = {arXiv:1809.03043},
archivePrefix = {arXiv},
       eprint = {1809.03043},
 primaryClass = {astro-ph.HE},
       adsurl = {https://ui.adsabs.harvard.edu/#abs/2018arXiv180903043Z},
      adsnote = {Provided by the SAO/NASA Astrophysics Data System}
}

@ARTICLE{2018arXiv180807781R,
       author = {{Rowlinson}, Antonia and {Stewart}, Adam J. and {Broderick}, Jess W. and
        {Swinbank}, John D. and {Wijers}, Ralph A.~M.~J. and {Carbone},
        Dario and {Cendes}, Yvette and {Fender}, Rob and {van der
        Horst}, Alexander and {Molenaar}, Gijs and {Scheers}, Bart and
        {Staley}, Tim and {Farrell}, Sean and {Grie{\ss}meier}, Jean-
        Mathias and {Bell}, Martin and {Eisl{\"o}ffel}, Jochen and
        {Law}, Casey J. and {van Leeuwen}, Joeri and {Zarka}, Philippe},
        title = ``{Identifying transient and variable sources in radio images}'',
      journal = {ArXiv e-prints},
     keywords = {Astrophysics - Instrumentation and Methods for Astrophysics},
         year = 2018,
        month = Aug,
          eid = {arXiv:1808.07781},
        pages = {arXiv:1808.07781},
archivePrefix = {arXiv},
       eprint = {1808.07781},
 primaryClass = {astro-ph.IM},
       adsurl = {https://ui.adsabs.harvard.edu/#abs/2018arXiv180807781R},
      adsnote = {Provided by the SAO/NASA Astrophysics Data System}
}

@ARTICLE{2018ApJ...863....2G,
       author = {{Gajjar}, V. and {Siemion}, A.~P.~V. and {Price}, D.~C. and {Law}, C.~J.
        and {Michilli}, D. and {Hessels}, J.~W.~T. and {Chatterjee}, S.
        and {Archibald}, A.~M. and {Bower}, G.~C. and {Brinkman}, C. and
        {Burke-Spolaor}, S. and {Cordes}, J.~M. and {Croft}, S. and
        {Enriquez}, J. Emilio and {Foster}, G. and {Gizani}, N. and
        {Hellbourg}, G. and {Isaacson}, H. and {Kaspi}, V.~M. and
        {Lazio}, T.~J.~W. and {Lebofsky}, M. and {Lynch}, R.~S. and
        {MacMahon}, D. and {McLaughlin}, M.~A. and {Ransom}, S.~M. and
        {Scholz}, P. and {Seymour}, A. and {Spitler}, L.~G. and
        {Tendulkar}, S.~P. and {Werthimer}, D. and {Zhang}, Y.~G.},
        title = ``{Highest Frequency Detection of FRB 121102 at 4-8 GHz Using the
        Breakthrough Listen Digital Backend at the Green Bank Telescope}'',
      journal = {\apj},
     keywords = {radio continuum: stars, stars: neutron, supernovae: general,
        Astrophysics - High Energy Astrophysical Phenomena},
         year = 2018,
        month = Aug,
       volume = {863},
          eid = {2},
        pages = {2},
          doi = {10.3847/1538-4357/aad005},
 primaryClass = {astro-ph.HE},
       adsurl = {https://ui.adsabs.harvard.edu/#abs/2018ApJ...863....2G},
      adsnote = {Provided by the SAO/NASA Astrophysics Data System}
}

@ARTICLE{2018AJ....155..227B,
       author = {{Bower}, Geoffrey C. and {Rao}, Ramprasad and {Krips}, Melanie and
        {Maddox}, Natasha and {Bassa}, Cees and {Adams}, Elizabeth A.~K.
        and {Law}, C.~J. and {Tendulkar}, Shriharsh P. and {van
        Langevelde}, Huib Jan and {Paragi}, Zsolt and {Butler}, Bryan J.
        and {Chatterjee}, Shami},
        title = ``{A Search for Molecular Gas in the Host Galaxy of FRB 121102}'',
      journal = {\aj},
     keywords = {galaxies: dwarf, galaxies: star formation, ISM: molecules, radio lines:
        galaxies, stars: black holes, stars: neutron, Astrophysics -
        High Energy Astrophysical Phenomena, Astrophysics - Astrophysics
        of Galaxies},
         year = 2018,
        month = Jun,
       volume = {155},
          eid = {227},
        pages = {227},
          doi = {10.3847/1538-3881/aabc5a},
 primaryClass = {astro-ph.HE},
       adsurl = {https://ui.adsabs.harvard.edu/#abs/2018AJ....155..227B},
      adsnote = {Provided by the SAO/NASA Astrophysics Data System}
}

@ARTICLE{2018ApJS..236....8L,
       author = {{Law}, C.~J. and {Bower}, G.~C. and {Burke-Spolaor}, S. and {Butler},
        B.~J. and {Demorest}, P. and {Halle}, A. and {Khudikyan}, S. and
        {Lazio}, T.~J.~W. and {Pokorny}, M. and {Robnett}, J. and
        {Rupen}, M.~P.},
        title = ``{realfast: Real-time, Commensal Fast Transient Surveys with the Very
        Large Array}'',
      journal = {The Astrophysical Journal Supplement Series},
     keywords = {instrumentation: interferometers, methods: data analysis, radio
        continuum: general, surveys, Astrophysics - Instrumentation and
        Methods for Astrophysics},
         year = 2018,
        month = May,
       volume = {236},
          eid = {8},
        pages = {8},
          doi = {10.3847/1538-4365/aab77b},
 primaryClass = {astro-ph.IM},
       adsurl = {https://ui.adsabs.harvard.edu/#abs/2018ApJS..236....8L},
      adsnote = {Provided by the SAO/NASA Astrophysics Data System}
}

@ARTICLE{2018MNRAS.475.5360B,
       author = {{Broderick}, J.~W. and {Fender}, R.~P. and {Miller-Jones}, J.~C.~A. and
        {Trushkin}, S.~A. and {Stewart}, A.~J. and {Anderson}, G.~E. and
        {Staley}, T.~D. and {Blundell}, K.~M. and {Pietka}, M. and
        {Markoff}, S. and {Rowlinson}, A. and {Swinbank}, J.~D. and {van
        der Horst}, A.~J. and {Bell}, M.~E. and {Breton}, R.~P. and
        {Carbone}, D. and {Corbel}, S. and {Eisl{\"o}ffel}, J. and
        {Falcke}, H. and {Grie{\ss}meier}, J. -M. and {Hessels},
        J.~W.~T. and {Kondratiev}, V.~I. and {Law}, C.~J. and
        {Molenaar}, G.~J. and {Serylak}, M. and {Stappers}, B.~W. and
        {van Leeuwen}, J. and {Wijers}, R.~A.~M.~J. and {Wijnands}, R.
        and {Wise}, M.~W. and {Zarka}, P.},
        title = ``{LOFAR 150-MHz observations of SS 433 and W 50}'',
      journal = {\mnras},
     keywords = {stars: individual: SS 433, ISM: individual objects: W50, ISM: jets and
        outflows, ISM: supernova remnants, radio continuum: ISM, radio
        continuum: stars, Astrophysics - High Energy Astrophysical
        Phenomena, Astrophysics - Astrophysics of Galaxies},
         year = 2018,
        month = Apr,
       volume = {475},
        pages = {5360-5377},
          doi = {10.1093/mnras/sty081},
 primaryClass = {astro-ph.HE},
       adsurl = {https://ui.adsabs.harvard.edu/#abs/2018MNRAS.475.5360B},
      adsnote = {Provided by the SAO/NASA Astrophysics Data System}
}

@ARTICLE{2018A&C....23..103C,
       author = {{Cendes}, Y. and {Prasad}, P. and {Rowlinson}, A. and {Wijers},
        R.~A.~M.~J. and {Swinbank}, J.~D. and {Law}, C.~J. and {van der
        Horst}, A.~J. and {Carbone}, D. and {Broderick}, J.~W. and
        {Staley}, T.~D. and {Stewart}, A.~J. and {Huizinga}, F. and
        {Molenaar}, G. and {Alexov}, A. and {Bell}, M.~E. and {Coenen},
        T. and {Corbel}, S. and {Eisl{\"o}ffel}, J. and {Fender}, R. and
        {Grie{\ss}meier}, J. -M. and {Jonker}, P. and {Kramer}, M. and
        {Kuniyoshi}, M. and {Pietka}, M. and {Stappers}, B. and {Wise},
        M. and {Zarka}, P.},
        title = ``{RFI flagging implications for short-duration transients}'',
      journal = {Astronomy and Computing},
     keywords = {Radio transients, Radio Frequency Interference, RFI, Automated flagging,
        Transient rates, Transient rate limits, Astrophysics -
        Instrumentation and Methods for Astrophysics},
         year = 2018,
        month = Apr,
       volume = {23},
        pages = {103-114},
          doi = {10.1016/j.ascom.2018.04.001},
 primaryClass = {astro-ph.IM},
       adsurl = {https://ui.adsabs.harvard.edu/#abs/2018A&C....23..103C},
      adsnote = {Provided by the SAO/NASA Astrophysics Data System}
}

@ARTICLE{2018A&C....23...92C,
       author = {{Carbone}, D. and {Garsden}, H. and {Spreeuw}, H. and {Swinbank}, J.~D.
        and {van der Horst}, A.~J. and {Rowlinson}, A. and {Broderick},
        J.~W. and {Rol}, E. and {Law}, C. and {Molenaar}, G. and
        {Wijers}, R.~A.~M.~J.},
        title = ``{PySE: Software for extracting sources from radio images}'',
      journal = {Astronomy and Computing},
     keywords = {Astronomical transients, Techniques, Image processing, Methods, Data
        analysis, Astrophysics - Instrumentation and Methods for
        Astrophysics},
         year = 2018,
        month = Apr,
       volume = {23},
        pages = {92-102},
          doi = {10.1016/j.ascom.2018.02.003},
 primaryClass = {astro-ph.IM},
       adsurl = {https://ui.adsabs.harvard.edu/#abs/2018A&C....23...92C},
      adsnote = {Provided by the SAO/NASA Astrophysics Data System}
}

@ARTICLE{2018Natur.553..182M,
       author = {{Michilli}, D. and {Seymour}, A. and {Hessels}, J.~W.~T. and {Spitler},
        L.~G. and {Gajjar}, V. and {Archibald}, A.~M. and {Bower}, G.~C.
        and {Chatterjee}, S. and {Cordes}, J.~M. and {Gourdji}, K. and
        {Heald}, G.~H. and {Kaspi}, V.~M. and {Law}, C.~J. and {Sobey},
        C. and {Adams}, E.~A.~K. and {Bassa}, C.~G. and {Bogdanov}, S.
        and {Brinkman}, C. and {Demorest}, P. and {Fernandez}, F. and
        {Hellbourg}, G. and {Lazio}, T.~J.~W. and {Lynch}, R.~S. and
        {Maddox}, N. and {Marcote}, B. and {McLaughlin}, M.~A. and
        {Paragi}, Z. and {Ransom}, S.~M. and {Scholz}, P. and {Siemion},
        A.~P.~V. and {Tendulkar}, S.~P. and {van Rooy}, P. and
        {Wharton}, R.~S. and {Whitlow}, D.},
        title = ``{An extreme magneto-ionic environment associated with the fast radio
        burst source FRB 121102}'',
      journal = {\nat},
     keywords = {Astrophysics - High Energy Astrophysical Phenomena},
         year = 2018,
        month = Jan,
       volume = {553},
        pages = {182-185},
          doi = {10.1038/nature25149},
 primaryClass = {astro-ph.HE},
       adsurl = {https://ui.adsabs.harvard.edu/#abs/2018Natur.553..182M},
      adsnote = {Provided by the SAO/NASA Astrophysics Data System}
}

@ARTICLE{2018JAI.....750005P,
       author = {{Pokorny}, Martin and {Law}, Casey J. and {Bower}, Geoffrey C. and
        {Burke-Spolaor}, Sarah and {Butler}, Bryan J. and {Demorest},
        Paul and {Khudikyan}, S.~E. and {Lazio}, T. Joseph W. and
        {Robnett}, James and {Rupen}, Michael},
        title = ``{Vys: A Protocol for Commensal Fast Transient Searches and Data
        Processing at the Very Large Array}'',
      journal = {Journal of Astronomical Instrumentation},
     keywords = {In situ analysis, commensal data analysis, RDMA, fast radio transients},
         year = 2018,
        month = Jan,
       volume = {7},
          eid = {1850005},
        pages = {1850005},
          doi = {10.1142/S2251171718500058},
       adsurl = {https://ui.adsabs.harvard.edu/#abs/2018JAI.....750005P},
      adsnote = {Provided by the SAO/NASA Astrophysics Data System}
}

@INPROCEEDINGS{2018AAS...23124318M,
       author = {{Michilli}, Daniele and {Seymour}, Andrew and {Hessels}, Jason W.~T. and
        {Spitler}, Laura and {Gajjar}, Vishal and {Archibald}, Anne and
        {Bower}, Geoffrey C. and {Chatterjee}, Shami and {Cordes}, Jim
        and {Gourdji}, Kelly and {Heald}, George and {Kaspi}, Victoria
        and {Law}, Casey and {Sobey}, Charlotte},
        title = ``{Polarimetry of the Fast Radio Burst Source FRB121102}'',
    booktitle = {American Astronomical Society Meeting Abstracts \#231},
         year = 2018,
       volume = {231},
        month = Jan,
          eid = {243.18},
        pages = {243.18},
       adsurl = {https://ui.adsabs.harvard.edu/#abs/2018AAS...23124318M},
      adsnote = {Provided by the SAO/NASA Astrophysics Data System}
}

@INPROCEEDINGS{2018AAS...23113202G,
       author = {{Gajjar}, Vishal and {Siemion}, Andrew and {MacMohan}, David and
        {Croft}, Steve and {Hellbourg}, Greg and {Isaacson}, Howard and
        {Enriquez}, J. Emilio and {Price}, Daniel and {Lebofsky}, Matt
        and {De Boer}, David and {Werthimer}, Dan and {Hickish}, Jack
        and {Brinkman}, Casey and {Chatterjee}, Shami and {Ransom},
        Scott M. and {Law}, Casey and {Hessels}, Jason W.~T. and
        {Cordes}, Jim and {Spitler}, Laura and {Lynch}, Ryan and
        {McLaughlin}, Maura and {Scholz}, Paul and {Marcote}, Benito and
        {Bower}, Geoffrey C. and {Tendulkar}, Shriharsh},
        title = ``{FRB121102: First detection across 5 - 8 GHz and spectral properties from
        the Breakthrough Listen instrument}'',
    booktitle = {American Astronomical Society Meeting Abstracts \#231},
         year = 2018,
       volume = {231},
        month = Jan,
          eid = {132.02},
        pages = {132.02},
       adsurl = {https://ui.adsabs.harvard.edu/#abs/2018AAS...23113202G},
      adsnote = {Provided by the SAO/NASA Astrophysics Data System}
}

@ARTICLE{2017ApJ...850...76L,
       author = {{Law}, C.~J. and {Abruzzo}, M.~W. and {Bassa}, C.~G. and {Bower}, G.~C.
        and {Burke-Spolaor}, S. and {Butler}, B.~J. and {Cantwell}, T.
        and {Carey}, S.~H. and {Chatterjee}, S. and {Cordes}, J.~M. and
        {Demorest}, P. and {Dowell}, J. and {Fender}, R. and {Gourdji},
        K. and {Grainge}, K. and {Hessels}, J.~W.~T. and {Hickish}, J.
        and {Kaspi}, V.~M. and {Lazio}, T.~J.~W. and {McLaughlin}, M.~A.
        and {Michilli}, D. and {Mooley}, K. and {Perrott}, Y.~C. and
        {Ransom}, S.~M. and {Razavi-Ghods}, N. and {Rupen}, M. and
        {Scaife}, A. and {Scott}, P. and {Scholz}, P. and {Seymour}, A.
        and {Spitler}, L.~G. and {Stovall}, K. and {Tendulkar}, S.~P.
        and {Titterington}, D. and {Wharton}, R.~S. and {Williams},
        P.~K.~G.},
        title = ``{A Multi-telescope Campaign on FRB 121102: Implications for the FRB
        Population}'',
      journal = {\apj},
     keywords = {radio continuum: stars, stars: neutron, supernovae: general, techniques:
        interferometric, Astrophysics - High Energy Astrophysical
        Phenomena},
         year = 2017,
        month = Nov,
       volume = {850},
          eid = {76},
        pages = {76},
          doi = {10.3847/1538-4357/aa9700},
 primaryClass = {astro-ph.HE},
       adsurl = {https://ui.adsabs.harvard.edu/#abs/2017ApJ...850...76L},
      adsnote = {Provided by the SAO/NASA Astrophysics Data System}
}

@MISC{2017ascl.soft10002L,
       author = {{Law}, Casey J.},
        title = ``{rfpipe: Radio interferometric transient search pipeline}'',
     keywords = {Software},
 howpublished = {Astrophysics Source Code Library},
         year = 2017,
        month = Oct,
          eid = {ascl:1710.002},
        pages = {ascl:1710.002},
archivePrefix = {ascl},
       eprint = {1710.002},
       adsurl = {https://ui.adsabs.harvard.edu/#abs/2017ascl.soft10002L},
      adsnote = {Provided by the SAO/NASA Astrophysics Data System}
}

@MISC{2017ascl.soft10001P,
       author = {{Pokorny}, Martin and {Law}, Casey J.},
        title = ``{vysmaw: Fast visibility stream muncher}'',
     keywords = {Software},
 howpublished = {Astrophysics Source Code Library},
         year = 2017,
        month = Oct,
          eid = {ascl:1710.001},
        pages = {ascl:1710.001},
archivePrefix = {ascl},
       eprint = {1710.001},
       adsurl = {https://ui.adsabs.harvard.edu/#abs/2017ascl.soft10001P},
      adsnote = {Provided by the SAO/NASA Astrophysics Data System}
}

@ARTICLE{2017arXiv171008155P,
       author = {{Petroff}, Emily and {Houben}, Leon and {Bannister}, Keith and {Burke-
        Spolaor}, Sarah and {Cordes}, Jim and {Falcke}, Heino and {van
        Haren}, Ronald and {Karastergiou}, Aris and {Kramer}, Michael
        and {Law}, Casey and {van Leeuwen}, Joeri and {Lorimer}, Duncan
        and {Martinez-Rubi}, Oscar and {Rachen}, J{\"o}rg and {Spitler},
        Laura and {Weltman}, Amanda},
        title = ``{VOEvent Standard for Fast Radio Bursts}'',
      journal = {ArXiv e-prints},
     keywords = {Astrophysics - Instrumentation and Methods for Astrophysics},
         year = 2017,
        month = Oct,
          eid = {arXiv:1710.08155},
        pages = {arXiv:1710.08155},
archivePrefix = {arXiv},
       eprint = {1710.08155},
 primaryClass = {astro-ph.IM},
       adsurl = {https://ui.adsabs.harvard.edu/#abs/2017arXiv171008155P},
      adsnote = {Provided by the SAO/NASA Astrophysics Data System}
}

@ARTICLE{2017ApJ...846...80S,
       author = {{Scholz}, P. and {Bogdanov}, S. and {Hessels}, J.~W.~T. and {Lynch},
        R.~S. and {Spitler}, L.~G. and {Bassa}, C.~G. and {Bower}, G.~C.
        and {Burke-Spolaor}, S. and {Butler}, B.~J. and {Chatterjee}, S.
        and {Cordes}, J.~M. and {Gourdji}, K. and {Kaspi}, V.~M. and
        {Law}, C.~J. and {Marcote}, B. and {McLaughlin}, M.~A. and
        {Michilli}, D. and {Paragi}, Z. and {Ransom}, S.~M. and
        {Seymour}, A. and {Tendulkar}, S.~P. and {Wharton}, R.~S.},
        title = ``{Simultaneous X-Ray, Gamma-Ray, and Radio Observations of the Repeating
        Fast Radio Burst FRB 121102}'',
      journal = {\apj},
     keywords = {gamma rays: general, stars: neutron, X-rays: bursts, X-rays: general,
        Astrophysics - High Energy Astrophysical Phenomena},
         year = 2017,
        month = Sep,
       volume = {846},
          eid = {80},
        pages = {80},
          doi = {10.3847/1538-4357/aa8456},
 primaryClass = {astro-ph.HE},
       adsurl = {https://ui.adsabs.harvard.edu/#abs/2017ApJ...846...80S},
      adsnote = {Provided by the SAO/NASA Astrophysics Data System}
}

@ARTICLE{2017AJ....154..117L,
       author = {{Lawrence}, Earl and {Vander Wiel}, Scott and {Law}, Casey and {Burke
        Spolaor}, Sarah and {Bower}, Geoffrey C.},
        title = ``{The Nonhomogeneous Poisson Process for Fast Radio Burst Rates}'',
      journal = {\aj},
     keywords = {methods: data analysis, methods: statistical, radio continuum: general,
        surveys, Astrophysics - High Energy Astrophysical Phenomena,
        Astrophysics - Instrumentation and Methods for Astrophysics,
        Statistics - Applications},
         year = 2017,
        month = Sep,
       volume = {154},
          eid = {117},
        pages = {117},
          doi = {10.3847/1538-3881/aa844e},
 primaryClass = {astro-ph.HE},
       adsurl = {https://ui.adsabs.harvard.edu/#abs/2017AJ....154..117L},
      adsnote = {Provided by the SAO/NASA Astrophysics Data System}
}

@INPROCEEDINGS{2017HEAD...1610904H,
       author = {{Haggard}, Daryl and {Capellupo}, Daniel M. and {Choux}, Nicolas and
        {Baganoff}, Frederick K. and {Bower}, Geoffrey C. and {Cotton},
        William D. and {Degenaar}, Nathalie and {Dexter}, Jason and
        {Falcke}, Heino and {Fragile}, P. Christopher Christopher and
        {Heinke}, Craig O. and {Law}, Casey J. and {Markoff}, Sera and
        {Neilsen}, Joseph and {Ponti}, Gabriele and {Rea}, Nanda and
        {Yusef-Zadeh}, Farhad},
        title = ``{Simultaneous Monitoring of X-ray and Radio Variability in Sagittarius A*}'',
    booktitle = {AAS/High Energy Astrophysics Division \#16},
         year = 2017,
        month = Aug,
          eid = {109.04},
        pages = {109.04},
       adsurl = {https://ui.adsabs.harvard.edu/#abs/2017HEAD...1610904H},
      adsnote = {Provided by the SAO/NASA Astrophysics Data System}
}

@ARTICLE{2017ApJ...845...35C,
       author = {{Capellupo}, Daniel M. and {Haggard}, Daryl and {Choux}, Nicolas and
        {Baganoff}, Fred and {Bower}, Geoffrey C. and {Cotton}, Bill and
        {Degenaar}, Nathalie and {Dexter}, Jason and {Falcke}, Heino and
        {Fragile}, P. Chris and {Heinke}, Craig O. and {Law}, Casey J.
        and {Markoff}, Sera and {Neilsen}, Joey and {Ponti}, Gabriele
        and {Rea}, Nanda and {Yusef-Zadeh}, Farhad},
        title = ``{Simultaneous Monitoring of X-Ray and Radio Variability in Sagittarius A*}'',
      journal = {\apj},
     keywords = {accretion, accretion disks, black hole physics, Galaxy: center,
        radiation mechanisms: non-thermal, Astrophysics - High Energy
        Astrophysical Phenomena},
         year = 2017,
        month = Aug,
       volume = {845},
          eid = {35},
        pages = {35},
          doi = {10.3847/1538-4357/aa7da6},
 primaryClass = {astro-ph.HE},
       adsurl = {https://ui.adsabs.harvard.edu/#abs/2017ApJ...845...35C},
      adsnote = {Provided by the SAO/NASA Astrophysics Data System}
}

@ARTICLE{2017ApJ...843L...8B,
       author = {{Bassa}, C.~G. and {Tendulkar}, S.~P. and {Adams}, E.~A.~K. and
        {Maddox}, N. and {Bogdanov}, S. and {Bower}, G.~C. and {Burke-
        Spolaor}, S. and {Butler}, B.~J. and {Chatterjee}, S. and
        {Cordes}, J.~M. and {Hessels}, J.~W.~T. and {Kaspi}, V.~M. and
        {Law}, C.~J. and {Marcote}, B. and {Paragi}, Z. and {Ransom},
        S.~M. and {Scholz}, P. and {Spitler}, L.~G. and {van
        Langevelde}, H.~J.},
        title = ``{FRB 121102 Is Coincident with a Star-forming Region in Its Host Galaxy}'',
      journal = {\apj},
     keywords = {galaxies: dwarf, galaxies: star formation, gamma-ray burst: general,
        supernovae: general, Astrophysics - High Energy Astrophysical
        Phenomena},
         year = 2017,
        month = Jul,
       volume = {843},
          eid = {L8},
        pages = {L8},
          doi = {10.3847/2041-8213/aa7a0c},
 primaryClass = {astro-ph.HE},
       adsurl = {https://ui.adsabs.harvard.edu/#abs/2017ApJ...843L...8B},
      adsnote = {Provided by the SAO/NASA Astrophysics Data System}
}

@MISC{2017ascl.soft06002L,
       author = {{Law}, Casey J.},
        title = ``{rtpipe: Searching for Fast Radio Transients in Interferometric Data}'',
     keywords = {Software},
 howpublished = {Astrophysics Source Code Library},
         year = 2017,
        month = Jun,
          eid = {ascl:1706.002},
        pages = {ascl:1706.002},
archivePrefix = {ascl},
       eprint = {1706.002},
       adsurl = {https://ui.adsabs.harvard.edu/#abs/2017ascl.soft06002L},
      adsnote = {Provided by the SAO/NASA Astrophysics Data System}
}

@ARTICLE{2017arXiv170304692A,
       author = {{Alexander}, Kate D. and {Berger}, Edo and {Bower}, Geoff and
        {Casewell}, Sarah and {Cenko}, S. Brad and {Chatterjee}, Shami
        and {Cleeves}, Ilse and {Cordes}, Jim and {Drake}, Jeremy and
        {Drout}, Maria and {Dupuy}, Trent and {Eftekhari}, Tarraneh and
        {Fazio}, Giovanni and {Fong}, Wen-fai and {Guillochon}, James
        and {Gurwell}, Mark and {Johnson}, Michael and {Kaminski},
        Tomasz and {Kong}, Albert and {Laskar}, Tanmoy and {Law}, Casey
        and {Littlefair}, Stuart P. and {MacGregor}, Meredith and
        {Maksym}, W. Peter and {Matthews}, Lynn and {McCollough},
        Michael and {Milam}, Stefanie and {Moullet}, Arielle and
        {Nicholl}, Matt and {Rizzuto}, Aaron and {Rothberg}, Barry and
        {Seymour}, Andrew and {Villard}, Eric and {Wilkes}, Belinda and
        {Williams}, Peter K.~G. and {Willner}, Steven and {Yusuf-Zadeh},
        Farhad},
        title = ``{Enabling New ALMA Science with Improved Support for Time-Domain
        Observations}'',
      journal = {ArXiv e-prints},
     keywords = {Astrophysics - Instrumentation and Methods for Astrophysics},
         year = 2017,
        month = Mar,
          eid = {arXiv:1703.04692},
        pages = {arXiv:1703.04692},
archivePrefix = {arXiv},
       eprint = {1703.04692},
 primaryClass = {astro-ph.IM},
       adsurl = {https://ui.adsabs.harvard.edu/#abs/2017arXiv170304692A},
      adsnote = {Provided by the SAO/NASA Astrophysics Data System}
}

@ARTICLE{2017Natur.541...58C,
       author = {{Chatterjee}, S. and {Law}, C.~J. and {Wharton}, R.~S. and {Burke-
        Spolaor}, S. and {Hessels}, J.~W.~T. and {Bower}, G.~C. and
        {Cordes}, J.~M. and {Tendulkar}, S.~P. and {Bassa}, C.~G. and
        {Demorest}, P. and {Butler}, B.~J. and {Seymour}, A. and
        {Scholz}, P. and {Abruzzo}, M.~W. and {Bogdanov}, S. and
        {Kaspi}, V.~M. and {Keimpema}, A. and {Lazio}, T.~J.~W. and
        {Marcote}, B. and {McLaughlin}, M.~A. and {Paragi}, Z. and
        {Ransom}, S.~M. and {Rupen}, M. and {Spitler}, L.~G. and {van
        Langevelde}, H.~J.},
        title = ``{A direct localization of a fast radio burst and its host}'',
      journal = {\nat},
     keywords = {Astrophysics - High Energy Astrophysical Phenomena, Astrophysics -
        Cosmology and Nongalactic Astrophysics, Astrophysics -
        Instrumentation and Methods for Astrophysics},
         year = 2017,
        month = Jan,
       volume = {541},
        pages = {58-61},
          doi = {10.1038/nature20797},
 primaryClass = {astro-ph.HE},
       adsurl = {https://ui.adsabs.harvard.edu/#abs/2017Natur.541...58C},
      adsnote = {Provided by the SAO/NASA Astrophysics Data System}
}

@ARTICLE{2017ApJ...834L...8M,
       author = {{Marcote}, B. and {Paragi}, Z. and {Hessels}, J.~W.~T. and {Keimpema},
        A. and {van Langevelde}, H.~J. and {Huang}, Y. and {Bassa},
        C.~G. and {Bogdanov}, S. and {Bower}, G.~C. and {Burke-Spolaor},
        S. and {Butler}, B.~J. and {Campbell}, R.~M. and {Chatterjee},
        S. and {Cordes}, J.~M. and {Demorest}, P. and {Garrett}, M.~A.
        and {Ghosh}, T. and {Kaspi}, V.~M. and {Law}, C.~J. and {Lazio},
        T.~J.~W. and {McLaughlin}, M.~A. and {Ransom}, S.~M. and
        {Salter}, C.~J. and {Scholz}, P. and {Seymour}, A. and
        {Siemion}, A. and {Spitler}, L.~G. and {Tendulkar}, S.~P. and
        {Wharton}, R.~S.},
        title = ``{The Repeating Fast Radio Burst FRB 121102 as Seen on Milliarcsecond
        Angular Scales}'',
      journal = {\apj},
     keywords = {radiation mechanisms: non-thermal, radio continuum: galaxies,
        techniques: high angular resolution, Astrophysics - High Energy
        Astrophysical Phenomena, Astrophysics - Cosmology and
        Nongalactic Astrophysics, Astrophysics - Instrumentation and
        Methods for Astrophysics},
         year = 2017,
        month = Jan,
       volume = {834},
          eid = {L8},
        pages = {L8},
          doi = {10.3847/2041-8213/834/2/L8},
 primaryClass = {astro-ph.HE},
       adsurl = {https://ui.adsabs.harvard.edu/#abs/2017ApJ...834L...8M},
      adsnote = {Provided by the SAO/NASA Astrophysics Data System}
}

@ARTICLE{2017ApJ...834L...7T,
       author = {{Tendulkar}, S.~P. and {Bassa}, C.~G. and {Cordes}, J.~M. and {Bower},
        G.~C. and {Law}, C.~J. and {Chatterjee}, S. and {Adams},
        E.~A.~K. and {Bogdanov}, S. and {Burke-Spolaor}, S. and
        {Butler}, B.~J. and {Demorest}, P. and {Hessels}, J.~W.~T. and
        {Kaspi}, V.~M. and {Lazio}, T.~J.~W. and {Maddox}, N. and
        {Marcote}, B. and {McLaughlin}, M.~A. and {Paragi}, Z. and
        {Ransom}, S.~M. and {Scholz}, P. and {Seymour}, A. and
        {Spitler}, L.~G. and {van Langevelde}, H.~J. and {Wharton},
        R.~S.},
        title = ``{The Host Galaxy and Redshift of the Repeating Fast Radio Burst FRB
        121102}'',
      journal = {\apj},
     keywords = {galaxies: distances and redshifts, galaxies: dwarf, galaxies: ISM,
        stars: magnetars, stars: neutron, Astrophysics - High Energy
        Astrophysical Phenomena, Astrophysics - Cosmology and
        Nongalactic Astrophysics, Astrophysics - Astrophysics of
        Galaxies},
         year = 2017,
        month = Jan,
       volume = {834},
          eid = {L7},
        pages = {L7},
          doi = {10.3847/2041-8213/834/2/L7},
 primaryClass = {astro-ph.HE},
       adsurl = {https://ui.adsabs.harvard.edu/#abs/2017ApJ...834L...7T},
      adsnote = {Provided by the SAO/NASA Astrophysics Data System}
}

@INPROCEEDINGS{2017AAS...22933003B,
       author = {{Bower}, Geoffrey C. and {Chatterjee}, Shami and {Wharton}, Robert and
        {Law}, Casey J. and {Hessels}, Jason and {Spolaor}, Sarah and
        {Abruzzo}, Matthew W. and {Bassa}, Cees and {Butler}, Bryan J.
        and {Cordes}, James M. and {Demorest}, Paul and {Kaspi},
        Victoria M. and {McLaughlin}, Maura and {Ransom}, Scott M. and
        {Scholz}, Paul and {Seymour}, Andrew and {Spitler}, Laura and
        {Tendulkar}, Shriharsh P. and {PALFA Survey} and {VLA+AO
        FRB121102 Simultaneous Campaign Team} and {EVN FRB121102
        Campaign Team} and {Realfast Team}},
        title = ``{Properties of Radio Sources in the FRB 121102 Field}'',
    booktitle = {American Astronomical Society Meeting Abstracts \#229},
         year = 2017,
       volume = {229},
        month = Jan,
          eid = {330.03},
        pages = {330.03},
       adsurl = {https://ui.adsabs.harvard.edu/#abs/2017AAS...22933003B},
      adsnote = {Provided by the SAO/NASA Astrophysics Data System}
}

@INPROCEEDINGS{2017AAS...22933002L,
       author = {{Law}, Casey J. and {Bower}, Geoffrey C. and {Burke-Spolaor}, Sarah and
        {Butler}, Bryan J. and {Paul}, Demorest and {Lazio}, Joseph and
        {Rupen}, Michael P.},
        title = ``{Finding and Localizing FRBs in Realtime with realfast}'',
    booktitle = {American Astronomical Society Meeting Abstracts \#229},
         year = 2017,
       volume = {229},
        month = Jan,
          eid = {330.02},
        pages = {330.02},
       adsurl = {https://ui.adsabs.harvard.edu/#abs/2017AAS...22933002L},
      adsnote = {Provided by the SAO/NASA Astrophysics Data System}
}

@INPROCEEDINGS{2017AAS...22933001C,
       author = {{Chatterjee}, Shami and {Wharton}, Robert and {Law}, Casey J. and
        {Hessels}, Jason and {Burke-Spolaor}, Sarah and {Bower},
        Geoffrey C. and {Abruzzo}, Matthew W. and {Bassa}, Cees and
        {Butler}, Bryan J. and {Cordes}, James M. and {Paul}, Demorest
        and {Kaspi}, Victoria M. and {McLaughlin}, Maura and {Ransom},
        Scott M. and {Scholz}, Paul and {Seymour}, Andrew and {Spitler},
        Laura and {Tendulkar}, Shriharsh P. and {PALFA Survey Team} and
        {VLA+AO FRB121102 Simultaneous Campaign Team} and {EVN FRB121102
        Campaign Team}},
        title = ``{Localizing the Fast Radio Burst 121102}'',
    booktitle = {American Astronomical Society Meeting Abstracts \#229},
         year = 2017,
       volume = {229},
        month = Jan,
          eid = {330.01},
        pages = {330.01},
       adsurl = {https://ui.adsabs.harvard.edu/#abs/2017AAS...22933001C},
      adsnote = {Provided by the SAO/NASA Astrophysics Data System}
}

@INPROCEEDINGS{2017AAS...22932404M,
       author = {{Myers}, Steven T. and {Baum}, Stefi and {Chandler}, Claire J. and
        {Chatterjee}, Shami and {Kimball}, Amy E. and {Lacy}, Mark and
        {Law}, Casey J. and {Schinzel}, Frank and {Arancibia}, Demian
        and {Hiriart}, R. and {Medlin}, Drew and {VLA Sky Survey Team}
        and {Survey Science Group}},
        title = ``{The VLA Sky Survey (VLASS): Technical Implementation and Pilot Survey
        Results}'',
    booktitle = {American Astronomical Society Meeting Abstracts \#229},
         year = 2017,
       volume = {229},
        month = Jan,
          eid = {324.04},
        pages = {324.04},
       adsurl = {https://ui.adsabs.harvard.edu/#abs/2017AAS...22932404M},
      adsnote = {Provided by the SAO/NASA Astrophysics Data System}
}

@INPROCEEDINGS{2017AAS...22924209A,
       author = {{Abruzzo}, Matthew W. and {Wharton}, Robert and {Chatterjee}, Shami and
        {Cordes}, James M. and {Bassa}, Cees and {Bower}, Geoffrey C.
        and {Burke-Spolaor}, Sarah and {Butler}, Bryan J. and {Paul},
        Demorest and {Hessels}, Jason and {Kaspi}, Victoria M. and
        {Law}, Casey J. and {McLaughlin}, Maura and {Ransom}, Scott M.
        and {Scholz}, Paul and {Seymour}, Andrew and {Spitler}, Laura
        and {Tendulkar}, Shriharsh P.},
        title = ``{FRB 121102: Searching for a Host}'',
    booktitle = {American Astronomical Society Meeting Abstracts \#229},
         year = 2017,
       volume = {229},
        month = Jan,
          eid = {242.09},
        pages = {242.09},
       adsurl = {https://ui.adsabs.harvard.edu/#abs/2017AAS...22924209A},
      adsnote = {Provided by the SAO/NASA Astrophysics Data System}
}

@ARTICLE{2016arXiv161200896V,
       author = {{Vander Wiel}, Scott and {Burke-Spolaor}, Sarah and {Lawrence}, Earl and
        {Law}, Casey J. and {Bower}, Geoffrey C.},
        title = ``{Rare Event Statistics Applied to Fast Radio Bursts}'',
      journal = {ArXiv e-prints},
     keywords = {Astrophysics - Instrumentation and Methods for Astrophysics, High Energy
        Physics - Phenomenology, 62-01, J.2},
         year = 2016,
        month = Dec,
          eid = {arXiv:1612.00896},
        pages = {arXiv:1612.00896},
archivePrefix = {arXiv},
       eprint = {1612.00896},
 primaryClass = {astro-ph.IM},
       adsurl = {https://ui.adsabs.harvard.edu/#abs/2016arXiv161200896V},
      adsnote = {Provided by the SAO/NASA Astrophysics Data System}
}

@MISC{2016sptz.prop13157T,
       author = {{Tendulkar}, Shriharsh and {Keimpema}, Aard and {Seymour}, Andrew and
        {Marcote}, Benito and {Butler}, Bryan and {Law}, Casey and
        {Bassa}, Cees and {Bower}, Geoffrey and {van Langevelde}, Huib
        Jan and {Cordes}, James and {Hessels}, Jason and {Lazio}, Joseph
        and {Spitler}, Laura and {Abruzzo}, Matthew and {McLaughlin},
        Maura and {Rupen}, Michael and {Demorest}, Paul and {Scholz},
        Paul and {Wharton}, Robert and {Lynch}, Ryan and {Burke-
        Spolaor}, Sarah and {Ransom}, Scott and {Chatterjee}, Shami and
        {Bogdanov}, Slavko and {Kaspi}, Victoria and {Paragi}, Zsolt},
        title = ``{What is the host of FRB 121102?}'',
 howpublished = {Spitzer Proposal},
         year = 2016,
        month = Oct,
        pages = {13157},
       adsurl = {https://ui.adsabs.harvard.edu/#abs/2016sptz.prop13157T},
      adsnote = {Provided by the SAO/NASA Astrophysics Data System}
}

@ARTICLE{2016MNRAS.459.3161C,
       author = {{Carbone}, D. and {van der Horst}, A.~J. and {Wijers}, R.~A.~M.~J. and
        {Swinbank}, J.~D. and {Rowlinson}, A. and {Broderick}, J.~W. and
        {Cendes}, Y.~N. and {Stewart}, A.~J. and {Bell}, M.~E. and
        {Breton}, R.~P. and {Corbel}, S. and {Eisl{\"o}ffel}, J. and
        {Fender}, R.~P. and {Grie{\ss}meier}, J. -M. and {Hessels},
        J.~W.~T. and {Jonker}, P. and {Kramer}, M. and {Law}, C.~J. and
        {Miller-Jones}, J.~C.~A. and {Pietka}, M. and {Scheers},
        L.~H.~A. and {Stappers}, B.~W. and {van Leeuwen}, J. and
        {Wijnands}, R. and {Wise}, M. and {Zarka}, P.},
        title = ``{New methods to constrain the radio transient rate: results from a survey
        of four fields with LOFAR}'',
      journal = {\mnras},
     keywords = {instrumentation: interferometers, methods: data analysis, methods:
        statistical, techniques: image processing, radio continuum:
        general, Astrophysics - Instrumentation and Methods for
        Astrophysics, Astrophysics - High Energy Astrophysical Phenomena},
         year = 2016,
        month = Jul,
       volume = {459},
        pages = {3161-3174},
          doi = {10.1093/mnras/stw539},
archivePrefix = {arXiv},
       eprint = {1411.7928},
 primaryClass = {astro-ph.IM},
       adsurl = {https://ui.adsabs.harvard.edu/#abs/2016MNRAS.459.3161C},
      adsnote = {Provided by the SAO/NASA Astrophysics Data System}
}

@ARTICLE{2016MNRAS.459.2681B,
       author = {{Broderick}, J.~W. and {Fender}, R.~P. and {Breton}, R.~P. and
        {Stewart}, A.~J. and {Rowlinson}, A. and {Swinbank}, J.~D. and
        {Hessels}, J.~W.~T. and {Staley}, T.~D. and {van der Horst},
        A.~J. and {Bell}, M.~E. and {Carbone}, D. and {Cendes}, Y. and
        {Corbel}, S. and {Eisl{\"o}ffel}, J. and {Falcke}, H. and
        {Grie{\ss}meier}, J. -M. and {Hassall}, T.~E. and {Jonker}, P.
        and {Kramer}, M. and {Kuniyoshi}, M. and {Law}, C.~J. and
        {Markoff}, S. and {Molenaar}, G.~J. and {Pietka}, M. and
        {Scheers}, L.~H.~A. and {Serylak}, M. and {Stappers}, B.~W. and
        {ter Veen}, S. and {van Leeuwen}, J. and {Wijers}, R.~A.~M.~J.
        and {Wijnands}, R. and {Wise}, M.~W. and {Zarka}, P.},
        title = ``{Low-radio-frequency eclipses of the redback pulsar J2215+5135 observed
        in the image plane with LOFAR}'',
      journal = {\mnras},
     keywords = {binaries: eclipsing, pulsars: general, pulsars: individual: PSR
        J2215+5135, radio continuum: stars, Astrophysics - High Energy
        Astrophysical Phenomena},
         year = 2016,
        month = Jul,
       volume = {459},
        pages = {2681-2689},
          doi = {10.1093/mnras/stw794},
 primaryClass = {astro-ph.HE},
       adsurl = {https://ui.adsabs.harvard.edu/#abs/2016MNRAS.459.2681B},
      adsnote = {Provided by the SAO/NASA Astrophysics Data System}
}

@ARTICLE{2016MNRAS.456.2321S,
       author = {{Stewart}, A.~J. and {Fender}, R.~P. and {Broderick}, J.~W. and
        {Hassall}, T.~E. and {Mu{\~n}oz-Darias}, T. and {Rowlinson}, A.
        and {Swinbank}, J.~D. and {Staley}, T.~D. and {Molenaar}, G.~J.
        and {Scheers}, B. and {Grobler}, T.~L. and {Pietka}, M. and
        {Heald}, G. and {McKean}, J.~P. and {Bell}, M.~E. and
        {Bonafede}, A. and {Breton}, R.~P. and {Carbone}, D. and
        {Cendes}, Y. and {Clarke}, A.~O. and {Corbel}, S. and {de
        Gasperin}, F. and {Eisl{\"o}ffel}, J. and {Falcke}, H. and
        {Ferrari}, C. and {Grie{\ss}meier}, J. -M. and {Hardcastle},
        M.~J. and {Heesen}, V. and {Hessels}, J.~W.~T. and {Horneffer},
        A. and {Iacobelli}, M. and {Jonker}, P. and {Karastergiou}, A.
        and {Kokotanekov}, G. and {Kondratiev}, V.~I. and {Kuniyoshi},
        M. and {Law}, C.~J. and {van Leeuwen}, J. and {Markoff}, S. and
        {Miller-Jones}, J.~C.~A. and {Mulcahy}, D. and {Orru}, E. and
        {Pandey-Pommier}, M. and {Pratley}, L. and {Rol}, E. and
        {R{\"o}ttgering}, H.~J.~A. and {Scaife}, A.~M.~M. and
        {Shulevski}, A. and {Sobey}, C.~A. and {Stappers}, B.~W. and
        {Tasse}, C. and {van der Horst}, A.~J. and {van Velzen}, S. and
        {van Weeren}, R.~J. and {Wijers}, R.~A.~M.~J. and {Wijnands}, R.
        and {Wise}, M. and {Zarka}, P. and {Alexov}, A. and {Anderson},
        J. and {Asgekar}, A. and {Avruch}, I.~M. and {Bentum}, M.~J. and
        {Bernardi}, G. and {Best}, P. and {Breitling}, F. and
        {Br{\"u}ggen}, M. and {Butcher}, H.~R. and {Ciardi}, B. and
        {Conway}, J.~E. and {Corstanje}, A. and {de Geus}, E. and
        {Deller}, A. and {Duscha}, S. and {Frieswijk}, W. and {Garrett},
        M.~A. and {Gunst}, A.~W. and {van Haarlem}, M.~P. and {Hoeft},
        M. and {H{\"o}randel}, J. and {Juette}, E. and {Kuper}, G. and
        {Loose}, M. and {Maat}, P. and {McFadden}, R. and {McKay-
        Bukowski}, D. and {Moldon}, J. and {Munk}, H. and {Norden},
        M.~J. and {Paas}, H. and {Polatidis}, A.~G. and {Schwarz}, D.
        and {Sluman}, J. and {Smirnov}, O. and {Steinmetz}, M. and
        {Thoudam}, S. and {Toribio}, M.~C. and {Vermeulen}, R. and
        {Vocks}, C. and {Wijnholds}, S.~J. and {Wucknitz}, O. and
        {Yatawatta}, S.},
        title = ``{LOFAR MSSS: detection of a low-frequency radio transient in 400 h of
        monitoring of the North Celestial Pole}'',
      journal = {\mnras},
     keywords = {instrumentation: interferometers, techniques: image processing, radio
        continuum: general, Astrophysics - High Energy Astrophysical
        Phenomena, Astrophysics - Instrumentation and Methods for
        Astrophysics},
         year = 2016,
        month = Mar,
       volume = {456},
        pages = {2321-2342},
          doi = {10.1093/mnras/stv2797},
 primaryClass = {astro-ph.HE},
       adsurl = {https://ui.adsabs.harvard.edu/#abs/2016MNRAS.456.2321S},
      adsnote = {Provided by the SAO/NASA Astrophysics Data System}
}

@MISC{2016ascl.soft03012L,
       author = {{Law}, Casey J.},
        title = ``{tpipe: Searching radio interferometry data for fast, dispersed
        transients}'',
     keywords = {Software},
 howpublished = {Astrophysics Source Code Library},
         year = 2016,
        month = Mar,
          eid = {ascl:1603.012},
        pages = {ascl:1603.012},
archivePrefix = {ascl},
       eprint = {1603.012},
       adsurl = {https://ui.adsabs.harvard.edu/#abs/2016ascl.soft03012L},
      adsnote = {Provided by the SAO/NASA Astrophysics Data System}
}

@INPROCEEDINGS{2016AAS...22742309B,
       author = {{Bower}, Geoffrey C. and {Spolaor}, Sarah and {Law}, Casey J. and
        {Demorest}, Paul and {Butler}, Bryan J. and {Rupen}, Michael P.
        and {Lazio}, T. Joseph W. and {Vander Wiel}, Scott and
        {Lawrence}, Earl},
        title = ``{FRBs: We are realfast}'',
    booktitle = {American Astronomical Society Meeting Abstracts \#227},
         year = 2016,
       volume = {227},
        month = Jan,
          eid = {423.09},
        pages = {423.09},
       adsurl = {https://ui.adsabs.harvard.edu/#abs/2016AAS...22742309B},
      adsnote = {Provided by the SAO/NASA Astrophysics Data System}
}

@INPROCEEDINGS{2016AAS...22732408M,
       author = {{Myers}, Steven T. and {Law}, Casey J. and {Baum}, Stefi Alison and
        {Chandler}, Claire J. and {Chatterjee}, Shami and {Lacy}, Mark
        and {Murphy}, Eric J. and {VLASS Survey Science Group}},
        title = ``{The VLA Sky Survey (VLASS): Technical Implementation Plans and Progress}'',
    booktitle = {American Astronomical Society Meeting Abstracts \#227},
         year = 2016,
       volume = {227},
        month = Jan,
          eid = {324.08},
        pages = {324.08},
       adsurl = {https://ui.adsabs.harvard.edu/#abs/2016AAS...22732408M},
      adsnote = {Provided by the SAO/NASA Astrophysics Data System}
}

@ARTICLE{2015A&A...582A.123H,
       author = {{Heald}, G.~H. and {Pizzo}, R.~F. and {Orr{\'u}}, E. and {Breton}, R.~P.
        and {Carbone}, D. and {Ferrari}, C. and {Hardcastle}, M.~J. and
        {Jurusik}, W. and {Macario}, G. and {Mulcahy}, D. and
        {Rafferty}, D. and {Asgekar}, A. and {Brentjens}, M. and
        {Fallows}, R.~A. and {Frieswijk}, W. and {Toribio}, M.~C. and
        {Adebahr}, B. and {Arts}, M. and {Bell}, M.~R. and {Bonafede},
        A. and {Bray}, J. and {Broderick}, J. and {Cantwell}, T. and
        {Carroll}, P. and {Cendes}, Y. and {Clarke}, A.~O. and
        {Croston}, J. and {Daiboo}, S. and {de Gasperin}, F. and
        {Gregson}, J. and {Harwood}, J. and {Hassall}, T. and {Heesen},
        V. and {Horneffer}, A. and {van der Horst}, A.~J. and
        {Iacobelli}, M. and {Jeli{\'c}}, V. and {Jones}, D. and {Kant},
        D. and {Kokotanekov}, G. and {Martin}, P. and {McKean}, J.~P.
        and {Morabito}, L.~K. and {Nikiel-Wroczy{\'n}ski}, B. and
        {Offringa}, A. and {Pandey}, V.~N. and {Pandey-Pommier}, M. and
        {Pietka}, M. and {Pratley}, L. and {Riseley}, C. and
        {Rowlinson}, A. and {Sabater}, J. and {Scaife}, A.~M.~M. and
        {Scheers}, L.~H.~A. and {Sendlinger}, K. and {Shulevski}, A. and
        {Sipior}, M. and {Sobey}, C. and {Stewart}, A.~J. and {Stroe},
        A. and {Swinbank}, J. and {Tasse}, C. and {Tr{\"u}stedt}, J. and
        {Varenius}, E. and {van Velzen}, S. and {Vilchez}, N. and {van
        Weeren}, R.~J. and {Wijnholds}, S. and {Williams}, W.~L. and {de
        Bruyn}, A.~G. and {Nijboer}, R. and {Wise}, M. and {Alexov}, A.
        and {Anderson}, J. and {Avruch}, I.~M. and {Beck}, R. and
        {Bell}, M.~E. and {van Bemmel}, I. and {Bentum}, M.~J. and
        {Bernardi}, G. and {Best}, P. and {Breitling}, F. and {Brouw},
        W.~N. and {Br{\"u}ggen}, M. and {Butcher}, H.~R. and {Ciardi},
        B. and {Conway}, J.~E. and {de Geus}, E. and {de Jong}, A. and
        {de Vos}, M. and {Deller}, A. and {Dettmar}, R. -J. and
        {Duscha}, S. and {Eisl{\"o}ffel}, J. and {Engels}, D. and
        {Falcke}, H. and {Fender}, R. and {Garrett}, M.~A. and
        {Grie{\ss}meier}, J. and {Gunst}, A.~W. and {Hamaker}, J.~P. and
        {Hessels}, J.~W.~T. and {Hoeft}, M. and {H{\"o}randel}, J. and
        {Holties}, H.~A. and {Intema}, H. and {Jackson}, N.~J. and
        {J{\"u}tte}, E. and {Karastergiou}, A. and {Klijn}, W.~F.~A. and
        {Kondratiev}, V.~I. and {Koopmans}, L.~V.~E. and {Kuniyoshi}, M.
        and {Kuper}, G. and {Law}, C. and {van Leeuwen}, J. and {Loose},
        M. and {Maat}, P. and {Markoff}, S. and {McFadden}, R. and
        {McKay-Bukowski}, D. and {Mevius}, M. and {Miller-Jones},
        J.~C.~A. and {Morganti}, R. and {Munk}, H. and {Nelles}, A. and
        {Noordam}, J.~E. and {Norden}, M.~J. and {Paas}, H. and
        {Polatidis}, A.~G. and {Reich}, W. and {Renting}, A. and
        {R{\"o}ttgering}, H. and {Schoenmakers}, A. and {Schwarz}, D.
        and {Sluman}, J. and {Smirnov}, O. and {Stappers}, B.~W. and
        {Steinmetz}, M. and {Tagger}, M. and {Tang}, Y. and {ter Veen},
        S. and {Thoudam}, S. and {Vermeulen}, R. and {Vocks}, C. and
        {Vogt}, C. and {Wijers}, R.~A.~M.~J. and {Wucknitz}, O. and
        {Yatawatta}, S. and {Zarka}, P.},
        title = ``{The LOFAR Multifrequency Snapshot Sky Survey (MSSS). I. Survey
        description and first results}'',
      journal = {\aap},
     keywords = {surveys, radio continuum: general, Astrophysics - Instrumentation and
        Methods for Astrophysics},
         year = 2015,
        month = Oct,
       volume = {582},
          eid = {A123},
        pages = {A123},
          doi = {10.1051/0004-6361/201425210},
 primaryClass = {astro-ph.IM},
       adsurl = {https://ui.adsabs.harvard.edu/#abs/2015A&A...582A.123H},
      adsnote = {Provided by the SAO/NASA Astrophysics Data System}
}

@ARTICLE{2015ApJ...807...16L,
       author = {{Law}, Casey J. and {Bower}, Geoffrey C. and {Burke-Spolaor}, Sarah and
        {Butler}, Bryan and {Lawrence}, Earl and {Lazio}, T. Joseph W.
        and {Mattmann}, Chris A. and {Rupen}, Michael and {Siemion},
        Andrew and {VanderWiel}, Scott},
        title = ``{A Millisecond Interferometric Search for Fast Radio Bursts with the Very
        Large Array}'',
      journal = {\apj},
     keywords = {instrumentation: interferometers, intergalactic medium, pulsars:
        general, radio continuum: general, surveys, Astrophysics - High
        Energy Astrophysical Phenomena, Astrophysics - Instrumentation
        and Methods for Astrophysics},
         year = 2015,
        month = Jul,
       volume = {807},
          eid = {16},
        pages = {16},
          doi = {10.1088/0004-637X/807/1/16},
archivePrefix = {arXiv},
       eprint = {1412.7536},
 primaryClass = {astro-ph.HE},
       adsurl = {https://ui.adsabs.harvard.edu/#abs/2015ApJ...807...16L},
      adsnote = {Provided by the SAO/NASA Astrophysics Data System}
}

@ARTICLE{2015A&C....11...25S,
       author = {{Swinbank}, John D. and {Staley}, Tim D. and {Molenaar}, Gijs J. and
        {Rol}, Evert and {Rowlinson}, Antonia and {Scheers}, Bart and
        {Spreeuw}, Hanno and {Bell}, Martin E. and {Broderick}, Jess W.
        and {Carbone}, Dario and {Garsden}, Hugh and {van der Horst},
        Alexander J. and {Law}, Casey J. and {Wise}, Michael and
        {Breton}, Rene P. and {Cendes}, Yvette and {Corbel},
        St{\'e}phane and {Eisl{\"o}ffel}, Jochen and {Falcke}, Heino and
        {Fender}, Rob and {Grie{\ss}meier}, Jean-Mathias and {Hessels},
        Jason W.~T. and {Stappers}, Benjamin W. and {Stewart}, Adam J.
        and {Wijers}, Ralph A.~M.~J. and {Wijnands}, Rudy and {Zarka},
        Philippe},
        title = ``{The LOFAR Transients Pipeline}'',
      journal = {Astronomy and Computing},
     keywords = {Astronomical transients, Time domain astrophysics, Techniques: image
        processing, Methods: data analysis, Astronomical databases,
        Astrophysics - Instrumentation and Methods for Astrophysics},
         year = 2015,
        month = Jun,
       volume = {11},
        pages = {25-48},
          doi = {10.1016/j.ascom.2015.03.002},
 primaryClass = {astro-ph.IM},
       adsurl = {https://ui.adsabs.harvard.edu/#abs/2015A&C....11...25S},
      adsnote = {Provided by the SAO/NASA Astrophysics Data System}
}

@INPROCEEDINGS{2015aska.confE..55M,
       author = {{Macquart}, J.~P. and {Keane}, E. and {Grainge}, K. and {McQuinn}, M.
        and {Fender}, R. and {Hessels}, J. and {Deller}, A. and {Bhat},
        R. and {Breton}, R. and {Chatterjee}, S. and {Law}, C. and
        {Lorimer}, D. and {Ofek}, E.~O. and {Pietka}, M. and {Spitler},
        L. and {Stappers}, B. and {Trott}, C.},
        title = ``{Fast Transients at Cosmological Distances with the SKA}'',
     keywords = {Astrophysics - High Energy Astrophysical Phenomena, Astrophysics -
        Cosmology and Nongalactic Astrophysics},
    booktitle = {Advancing Astrophysics with the Square Kilometre Array (AASKA14)},
         year = 2015,
        month = Apr,
          eid = {55},
        pages = {55},
 primaryClass = {astro-ph.HE},
       adsurl = {https://ui.adsabs.harvard.edu/#abs/2015aska.confE..55M},
      adsnote = {Provided by the SAO/NASA Astrophysics Data System}
}

@ARTICLE{2015A&A...576A..62N,
       author = {{Noutsos}, A. and {Sobey}, C. and {Kondratiev}, V.~I. and {Weltevrede},
        P. and {Verbiest}, J.~P.~W. and {Karastergiou}, A. and {Kramer},
        M. and {Kuniyoshi}, M. and {Alexov}, A. and {Breton}, R.~P. and
        {Bilous}, A.~V. and {Cooper}, S. and {Falcke}, H. and
        {Grie{\ss}meier}, J. -M. and {Hassall}, T.~E. and {Hessels},
        J.~W.~T. and {Keane}, E.~F. and {Os{\l}owski}, S. and {Pilia},
        M. and {Serylak}, M. and {Stappers}, B.~W. and {ter Veen}, S.
        and {van Leeuwen}, J. and {Zagkouris}, K. and {Anderson}, K. and
        {B{\"a}hren}, L. and {Bell}, M. and {Broderick}, J. and
        {Carbone}, D. and {Cendes}, Y. and {Coenen}, T. and {Corbel}, S.
        and {Eisl{\"o}ffel}, J. and {Fender}, R. and {Garsden}, H. and
        {Jonker}, P. and {Law}, C. and {Markoff}, S. and {Masters}, J.
        and {Miller-Jones}, J. and {Molenaar}, G. and {Osten}, R. and
        {Pietka}, M. and {Rol}, E. and {Rowlinson}, A. and {Scheers}, B.
        and {Spreeuw}, H. and {Staley}, T. and {Stewart}, A. and
        {Swinbank}, J. and {Wijers}, R. and {Wijnands}, R. and {Wise},
        M. and {Zarka}, P. and {van der Horst}, A.},
        title = ``{Pulsar polarisation below 200 MHz: Average profiles and propagation
        effects}'',
      journal = {\aap},
     keywords = {pulsars: general, polarization, radiation mechanisms: non-thermal,
        scattering, Astrophysics - Astrophysics of Galaxies,
        Astrophysics - High Energy Astrophysical Phenomena},
         year = 2015,
        month = Apr,
       volume = {576},
          eid = {A62},
        pages = {A62},
          doi = {10.1051/0004-6361/201425186},
 primaryClass = {astro-ph.GA},
       adsurl = {https://ui.adsabs.harvard.edu/#abs/2015A&A...576A..62N},
      adsnote = {Provided by the SAO/NASA Astrophysics Data System}
}

@ARTICLE{2015A&A...576A..41B,
       author = {{Brinkerink}, Christiaan D. and {Falcke}, Heino and {Law}, Casey J. and
        {Barkats}, Denis and {Bower}, Geoffrey C. and {Brunthaler},
        Andreas and {Gammie}, Charles and {Impellizzeri}, C.~M. Violette
        and {Markoff}, Sera and {Menten}, Karl M. and {Moscibrodzka},
        Monika and {Peck}, Alison and {Rushton}, Anthony P. and
        {Schaaf}, Reinhold and {Wright}, Melvyn},
        title = ``{ALMA and VLA measurements of frequency-dependent time lags in
        Sagittarius A*: evidence for a relativistic outflow}'',
      journal = {\aap},
     keywords = {accretion, accretion disks, black hole physics, radiation mechanisms:
        non-thermal, Galaxy: center, galaxies: jets, Astrophysics -
        Astrophysics of Galaxies, Astrophysics - High Energy
        Astrophysical Phenomena},
         year = 2015,
        month = Apr,
       volume = {576},
          eid = {A41},
        pages = {A41},
          doi = {10.1051/0004-6361/201424783},
 primaryClass = {astro-ph.GA},
       adsurl = {https://ui.adsabs.harvard.edu/#abs/2015A&A...576A..41B},
      adsnote = {Provided by the SAO/NASA Astrophysics Data System}
}

@INPROCEEDINGS{2015AAS...22511304M,
       author = {{Myers}, Steven T. and {Law}, Casey J. and {Baum}, Stefi Alison and
        {Brandt}, W. Niel and {Chandler}, Claire J. and {Clarke}, Tracy
        E. and {Condon}, James J. and {Cordes}, James M. and {Deustua},
        Susana E. and {Dickinson}, Mark and {Gugliucci}, Nicole E. and
        {Hallinan}, Gregg and {Lazio}, Joseph and {Hodge}, Jacqueline
        and {Lang}, Cornelia C. and {Mao}, Sui Ann and {Murphy}, Eric J.
        and {Osten}, Rachel A. and {Richards}, Gordon T. and {Strauss},
        Michael A. and {White}, Richard L. and {Zauderer}, Bevin},
        title = ``{Technical Implementation Plan for the VLA Sky Survey (VLASS)}'',
    booktitle = {American Astronomical Society Meeting Abstracts \#225},
         year = 2015,
       volume = {225},
        month = Jan,
          eid = {113.04},
        pages = {113.04},
       adsurl = {https://ui.adsabs.harvard.edu/#abs/2015AAS...22511304M},
      adsnote = {Provided by the SAO/NASA Astrophysics Data System}
}

@INPROCEEDINGS{2015AAS...22511303M,
       author = {{Murphy}, Eric J. and {Baum}, Stefi Alison and {Brandt}, W. Niel and
        {Chandler}, Claire J. and {Clarke}, Tracy E. and {Condon}, James
        J. and {Cordes}, James M. and {Deustua}, Susana E. and
        {Dickinson}, Mark and {Gugliucci}, Nicole E. and {Hallinan},
        Gregg and {Hodge}, Jacqueline and {Lang}, Cornelia C. and {Law},
        Casey J. and {Lazio}, Joseph and {Mao}, Sui Ann and {Myers},
        Steven T. and {Osten}, Rachel A. and {Richards}, Gordon T. and
        {Strauss}, Michael A. and {White}, Richard L. and {Zauderer},
        Bevin and {Extragalactic Science Working Group}, Galactic
        Science Working Group, Transient Science Working Group},
        title = ``{Science with the VLA Sky Survey (VLASS)}'',
    booktitle = {American Astronomical Society Meeting Abstracts \#225},
         year = 2015,
       volume = {225},
        month = Jan,
          eid = {113.03},
        pages = {113.03},
       adsurl = {https://ui.adsabs.harvard.edu/#abs/2015AAS...22511303M},
      adsnote = {Provided by the SAO/NASA Astrophysics Data System}
}

@INPROCEEDINGS{2015AAS...22510209H,
       author = {{Haggard}, Daryl and {Baganoff}, Frederick K. and {Ponti}, Gabriele and
        {Heinke}, Craig O. and {Rea}, Nanda and {Neilsen}, Joseph and
        {Nowak}, Michael and {Markoff}, Sera and {Degenaar}, Nathalie
        and {Yusef-Zadeh}, Farhad and {Roberts}, Douglas A. and
        {Brinkerink}, Christaan and {Law}, Casey J. and {Gillessen},
        Stefan and {Connors}, Riley},
        title = ``{An Update on Chandra/VLA Galactic Center Campaigns Targeting Sgr A* and
        G2}'',
    booktitle = {American Astronomical Society Meeting Abstracts \#225},
         year = 2015,
       volume = {225},
        month = Jan,
          eid = {102.09},
        pages = {102.09},
       adsurl = {https://ui.adsabs.harvard.edu/#abs/2015AAS...22510209H},
      adsnote = {Provided by the SAO/NASA Astrophysics Data System}
}

@ARTICLE{2014arXiv1412.3986C,
       author = {{Cendes}, Y. and {Wijers}, R.~A.~M.~J. and {Swinbank}, J.~D. and
        {Rowlinson}, A. and {van der Horst}, A.~J. and {Carbone}, D. and
        {Broderick}, J.~W. and {Staley}, T.~D. and {Stewart}, A.~J. and
        {Molenaar}, G. and {Huizinga}, F. and {Alexov}, A. and {Bell},
        M.~E. and {Coenen}, T. and {Corbel}, S. and {Eisl{\"o}ffel}, J.
        and {Fender}, R. and {Grie{\ss}meier}, J. and {Hessel}, J. and
        {Jonker}, P. and {Kramer}, M. and {Kuniyoshi}, M. and {Law},
        C.~J. and {Markoff}, S. and {Pietka}, M. and {Stappers}, B. and
        {Wise}, M. and {Zarka}, P.},
        title = ``{LOFAR Observations of Swift J1644+57 and Implications for Short-Duration
        Transients}'',
      journal = {ArXiv e-prints},
     keywords = {Astrophysics - High Energy Astrophysical Phenomena},
         year = 2014,
        month = Dec,
          eid = {arXiv:1412.3986},
        pages = {arXiv:1412.3986},
archivePrefix = {arXiv},
       eprint = {1412.3986},
 primaryClass = {astro-ph.HE},
       adsurl = {https://ui.adsabs.harvard.edu/#abs/2014arXiv1412.3986C},
      adsnote = {Provided by the SAO/NASA Astrophysics Data System}
}

@ARTICLE{2014A&A...570A..60C,
       author = {{Coenen}, Thijs and {van Leeuwen}, Joeri and {Hessels}, Jason W.~T. and
        {Stappers}, Ben W. and {Kondratiev}, Vladislav I. and {Alexov},
        A. and {Breton}, R.~P. and {Bilous}, A. and {Cooper}, S. and
        {Falcke}, H. and {Fallows}, R.~A. and {Gajjar}, V. and
        {Grie{\ss}meier}, J. -M. and {Hassall}, T.~E. and
        {Karastergiou}, A. and {Keane}, E.~F. and {Kramer}, M. and
        {Kuniyoshi}, M. and {Noutsos}, A. and {Os{\l}owski}, S. and
        {Pilia}, M. and {Serylak}, M. and {Schrijvers}, C. and {Sobey},
        C. and {ter Veen}, S. and {Verbiest}, J. and {Weltevrede}, P.
        and {Wijnholds}, S. and {Zagkouris}, K. and {van Amesfoort},
        A.~S. and {Anderson}, J. and {Asgekar}, A. and {Avruch}, I.~M.
        and {Bell}, M.~E. and {Bentum}, M.~J. and {Bernardi}, G. and
        {Best}, P. and {Bonafede}, A. and {Breitling}, F. and
        {Broderick}, J. and {Br{\"u}ggen}, M. and {Butcher}, H.~R. and
        {Ciardi}, B. and {Corstanje}, A. and {Deller}, A. and {Duscha},
        S. and {Eisl{\"o}ffel}, J. and {Fender}, R. and {Ferrari}, C.
        and {Frieswijk}, W. and {Garrett}, M.~A. and {de Gasperin}, F.
        and {de Geus}, E. and {Gunst}, A.~W. and {Hamaker}, J.~P. and
        {Heald}, G. and {Hoeft}, M. and {van der Horst}, A. and
        {Juette}, E. and {Kuper}, G. and {Law}, C. and {Mann}, G. and
        {McFadden}, R. and {McKay-Bukowski}, D. and {McKean}, J.~P. and
        {Munk}, H. and {Orru}, E. and {Paas}, H. and {Pandey-Pommier},
        M. and {Polatidis}, A.~G. and {Reich}, W. and {Renting}, A. and
        {R{\"o}ttgering}, H. and {Rowlinson}, A. and {Scaife}, A.~M.~M.
        and {Schwarz}, D. and {Sluman}, J. and {Smirnov}, O. and
        {Swinbank}, J. and {Tagger}, M. and {Tang}, Y. and {Tasse}, C.
        and {Thoudam}, S. and {Toribio}, C. and {Vermeulen}, R. and
        {Vocks}, C. and {van Weeren}, R.~J. and {Wucknitz}, O. and
        {Zarka}, P. and {Zensus}, A.},
        title = ``{The LOFAR pilot surveys for pulsars and fast radio transients}'',
      journal = {\aap},
     keywords = {pulsars: general, telescopes, surveys, Astrophysics - Solar and Stellar
        Astrophysics, Astrophysics - High Energy Astrophysical Phenomena},
         year = 2014,
        month = Oct,
       volume = {570},
          eid = {A60},
        pages = {A60},
          doi = {10.1051/0004-6361/201424495},
archivePrefix = {arXiv},
       eprint = {1408.0411},
 primaryClass = {astro-ph.SR},
       adsurl = {https://ui.adsabs.harvard.edu/#abs/2014A&A...570A..60C},
      adsnote = {Provided by the SAO/NASA Astrophysics Data System}
}

@INPROCEEDINGS{2014HEAD...1410004H,
       author = {{Haggard}, Daryl and {Baganoff}, Frederick K. and {Ponti}, Gabriele and
        {Heinke}, Craig O. and {Rea}, Nanda and {Neilsen}, Joseph and
        {Nowak}, Michael and {Markoff}, Sera and {Yusef-Zadeh}, Farhad
        and {Roberts}, Douglas A. and {Brinkerink}, Christaan and {Law},
        Casey J. and {Cotton}, William D. and {Gillessen}, Stefan and
        {Schulz}, Norbert S. and {Connors}, Riley},
        title = ``{Update on the Sgr A*/G2 Collison from Chandra and VLA}'',
    booktitle = {AAS/High Energy Astrophysics Division \#14},
         year = 2014,
        month = Aug,
          eid = {100.04},
        pages = {100.04},
       adsurl = {https://ui.adsabs.harvard.edu/#abs/2014HEAD...1410004H},
      adsnote = {Provided by the SAO/NASA Astrophysics Data System}
}

@ARTICLE{2014ApJ...790....1B,
       author = {{Bower}, Geoffrey C. and {Markoff}, Sera and {Brunthaler}, Andreas and
        {Law}, Casey and {Falcke}, Heino and {Maitra}, Dipankar and
        {Clavel}, M. and {Goldwurm}, A. and {Morris}, M.~R. and
        {Witzel}, Gunther and {Meyer}, Leo and {Ghez}, A.~M.},
        title = ``{The Intrinsic Two-dimensional Size of Sagittarius A*}'',
      journal = {\apj},
     keywords = {accretion, accretion disks, galaxies: active, galaxies: jets, Galaxy:
        center, Astrophysics - High Energy Astrophysical Phenomena},
         year = 2014,
        month = Jul,
       volume = {790},
          eid = {1},
        pages = {1},
          doi = {10.1088/0004-637X/790/1/1},
archivePrefix = {arXiv},
       eprint = {1405.1456},
 primaryClass = {astro-ph.HE},
       adsurl = {https://ui.adsabs.harvard.edu/#abs/2014ApJ...790....1B},
      adsnote = {Provided by the SAO/NASA Astrophysics Data System}
}

@INPROCEEDINGS{2014AAS...22420407L,
       author = {{Law}, Casey J. and {Bower}, Geoffrey C. and {Burke-Spolaor}, Sarah and
        {Rupen}, Michael P. and {Butler}, Bryan J. and {VanderWiel},
        Scott and {Lazio}, Joseph and {Lawrence}, Earl and {Siemion},
        Andrew and {Mattmann}, Chris},
        title = ``{A Survey for Cosmological Millisecond Radio Transients with the Very
        Large Array}'',
    booktitle = {American Astronomical Society Meeting Abstracts \#224},
         year = 2014,
       volume = {224},
        month = Jun,
          eid = {204.07},
        pages = {204.07},
       adsurl = {https://ui.adsabs.harvard.edu/#abs/2014AAS...22420407L},
      adsnote = {Provided by the SAO/NASA Astrophysics Data System}
}

@INPROCEEDINGS{2014era..conf20303L,
       author = {{Law}, Casey J. and {Bower}, G.~C.},
        title = ``{VLA Surveys for Millisecond Radio Transients at 1 TB/hour}'',
    booktitle = {Exascale Radio Astronomy},
         year = 2014,
       volume = {2},
        month = Apr,
        pages = {20303},
       adsurl = {https://ui.adsabs.harvard.edu/#abs/2014era..conf20303L},
      adsnote = {Provided by the SAO/NASA Astrophysics Data System}
}

@INPROCEEDINGS{2014htu..conf...85L,
       author = {{Law}, C.~J. and {Bower}, G.~C. and {Burke-Spolaor}, S. and {Butler}, B.
        and {Lawrence}, E. and {Lazio}, T.~J.~W. and {Mattmann}, C. and
        {Rupen}, M. and {Siemion}, A. and {VanderWiel}, S.},
        title = ``{VLA Searches for Fast Radio Transients at 1 TB/hour}'',
    booktitle = {The Third Hot-wiring the Transient Universe Workshop},
         year = 2014,
       editor = {{Wozniak}, P.~R. and {Graham}, M.~J. and {Mahabal}, A.~A. and {Seaman},
        R.},
        month = Jan,
        pages = {85-92},
       adsurl = {https://ui.adsabs.harvard.edu/#abs/2014htu..conf...85L},
      adsnote = {Provided by the SAO/NASA Astrophysics Data System}
}

@ARTICLE{2013A&A...556A...2V,
       author = {{van Haarlem}, M.~P. and {Wise}, M.~W. and {Gunst}, A.~W. and {Heald},
        G. and {McKean}, J.~P. and {Hessels}, J.~W.~T. and {de Bruyn},
        A.~G. and {Nijboer}, R. and {Swinbank}, J. and {Fallows}, R. and
        {Brentjens}, M. and {Nelles}, A. and {Beck}, R. and {Falcke}, H.
        and {Fender}, R. and {H{\"o}randel}, J. and {Koopmans}, L.~V.~E.
        and {Mann}, G. and {Miley}, G. and {R{\"o}ttgering}, H. and
        {Stappers}, B.~W. and {Wijers}, R.~A.~M.~J. and {Zaroubi}, S.
        and {van den Akker}, M. and {Alexov}, A. and {Anderson}, J. and
        {Anderson}, K. and {van Ardenne}, A. and {Arts}, M. and
        {Asgekar}, A. and {Avruch}, I.~M. and {Batejat}, F. and
        {B{\"a}hren}, L. and {Bell}, M.~E. and {Bell}, M.~R. and {van
        Bemmel}, I. and {Bennema}, P. and {Bentum}, M.~J. and
        {Bernardi}, G. and {Best}, P. and {B{\^\i}rzan}, L. and
        {Bonafede}, A. and {Boonstra}, A. -J. and {Braun}, R. and
        {Bregman}, J. and {Breitling}, F. and {van de Brink}, R.~H. and
        {Broderick}, J. and {Broekema}, P.~C. and {Brouw}, W.~N. and
        {Br{\"u}ggen}, M. and {Butcher}, H.~R. and {van Cappellen}, W.
        and {Ciardi}, B. and {Coenen}, T. and {Conway}, J. and {Coolen},
        A. and {Corstanje}, A. and {Damstra}, S. and {Davies}, O. and
        {Deller}, A.~T. and {Dettmar}, R. -J. and {van Diepen}, G. and
        {Dijkstra}, K. and {Donker}, P. and {Doorduin}, A. and {Dromer},
        J. and {Drost}, M. and {van Duin}, A. and {Eisl{\"o}ffel}, J.
        and {van Enst}, J. and {Ferrari}, C. and {Frieswijk}, W. and
        {Gankema}, H. and {Garrett}, M.~A. and {de Gasperin}, F. and
        {Gerbers}, M. and {de Geus}, E. and {Grie{\ss}meier}, J. -M. and
        {Grit}, T. and {Gruppen}, P. and {Hamaker}, J.~P. and {Hassall},
        T. and {Hoeft}, M. and {Holties}, H.~A. and {Horneffer}, A. and
        {van der Horst}, A. and {van Houwelingen}, A. and {Huijgen}, A.
        and {Iacobelli}, M. and {Intema}, H. and {Jackson}, N. and
        {Jelic}, V. and {de Jong}, A. and {Juette}, E. and {Kant}, D.
        and {Karastergiou}, A. and {Koers}, A. and {Kollen}, H. and
        {Kondratiev}, V.~I. and {Kooistra}, E. and {Koopman}, Y. and
        {Koster}, A. and {Kuniyoshi}, M. and {Kramer}, M. and {Kuper},
        G. and {Lambropoulos}, P. and {Law}, C. and {van Leeuwen}, J.
        and {Lemaitre}, J. and {Loose}, M. and {Maat}, P. and {Macario},
        G. and {Markoff}, S. and {Masters}, J. and {McFadden}, R.~A. and
        {McKay-Bukowski}, D. and {Meijering}, H. and {Meulman}, H. and
        {Mevius}, M. and {Middelberg}, E. and {Millenaar}, R. and
        {Miller-Jones}, J.~C.~A. and {Mohan}, R.~N. and {Mol}, J.~D. and
        {Morawietz}, J. and {Morganti}, R. and {Mulcahy}, D.~D. and
        {Mulder}, E. and {Munk}, H. and {Nieuwenhuis}, L. and {van
        Nieuwpoort}, R. and {Noordam}, J.~E. and {Norden}, M. and
        {Noutsos}, A. and {Offringa}, A.~R. and {Olofsson}, H. and
        {Omar}, A. and {Orr{\'u}}, E. and {Overeem}, R. and {Paas}, H.
        and {Pandey-Pommier}, M. and {Pandey}, V.~N. and {Pizzo}, R. and
        {Polatidis}, A. and {Rafferty}, D. and {Rawlings}, S. and
        {Reich}, W. and {de Reijer}, J. -P. and {Reitsma}, J. and
        {Renting}, G.~A. and {Riemers}, P. and {Rol}, E. and {Romein},
        J.~W. and {Roosjen}, J. and {Ruiter}, M. and {Scaife}, A. and
        {van der Schaaf}, K. and {Scheers}, B. and {Schellart}, P. and
        {Schoenmakers}, A. and {Schoonderbeek}, G. and {Serylak}, M. and
        {Shulevski}, A. and {Sluman}, J. and {Smirnov}, O. and {Sobey},
        C. and {Spreeuw}, H. and {Steinmetz}, M. and {Sterks}, C.~G.~M.
        and {Stiepel}, H. -J. and {Stuurwold}, K. and {Tagger}, M. and
        {Tang}, Y. and {Tasse}, C. and {Thomas}, I. and {Thoudam}, S.
        and {Toribio}, M.~C. and {van der Tol}, B. and {Usov}, O. and
        {van Veelen}, M. and {van der Veen}, A. -J. and {ter Veen}, S.
        and {Verbiest}, J.~P.~W. and {Vermeulen}, R. and {Vermaas}, N.
        and {Vocks}, C. and {Vogt}, C. and {de Vos}, M. and {van der
        Wal}, E. and {van Weeren}, R. and {Weggemans}, H. and
        {Weltevrede}, P. and {White}, S. and {Wijnholds}, S.~J. and
        {Wilhelmsson}, T. and {Wucknitz}, O. and {Yatawatta}, S. and
        {Zarka}, P. and {Zensus}, A. and {van Zwieten}, J.},
        title = ``{LOFAR: The LOw-Frequency ARray}'',
      journal = {\aap},
     keywords = {instrumentation: interferometers, radio continuum: general, radio lines:
        general, dark ages, reionization, first stars, telescopes,
        Astrophysics - Instrumentation and Methods for Astrophysics},
         year = 2013,
        month = Aug,
       volume = {556},
          eid = {A2},
        pages = {A2},
          doi = {10.1051/0004-6361/201220873},
archivePrefix = {arXiv},
       eprint = {1305.3550},
 primaryClass = {astro-ph.IM},
       adsurl = {https://ui.adsabs.harvard.edu/#abs/2013A&A...556A...2V},
      adsnote = {Provided by the SAO/NASA Astrophysics Data System}
}

@ARTICLE{2013A&A...551L..11A,
       author = {{Asgekar}, A. and {Oonk}, J.~B.~R. and {Yatawatta}, S. and {van Weeren},
        R.~J. and {McKean}, J.~P. and {White}, G. and {Jackson}, N. and
        {Anderson}, J. and {Avruch}, I.~M. and {Batejat}, F. and {Beck},
        R. and {Bell}, M.~E. and {Bell}, M.~R. and {van Bemmel}, I. and
        {Bentum}, M.~J. and {Bernardi}, G. and {Best}, P. and
        {B{\^\i}rzan}, L. and {Bonafede}, A. and {Braun}, R. and
        {Breitling}, F. and {van de Brink}, R.~H. and {Broderick}, J.
        and {Brouw}, W.~N. and {Br{\"u}ggen}, M. and {Butcher}, H.~R.
        and {van Cappellen}, W. and {Ciardi}, B. and {Conway}, J.~E. and
        {de Gasperin}, F. and {de Geus}, E. and {de Jong}, A. and {de
        Vos}, M. and {Duscha}, S. and {Eisl{\"o}ffel}, J. and {Falcke},
        H. and {Fallows}, R.~A. and {Ferrari}, C. and {Frieswijk}, W.
        and {Garrett}, M.~A. and {Grie{\ss}meier}, J. -M. and {Grit}, T.
        and {Gunst}, A.~W. and {Hassall}, T.~E. and {Heald}, G. and
        {Hessels}, J.~W.~T. and {Hoeft}, M. and {Iacobelli}, M. and
        {Intema}, H. and {Juette}, E. and {Karastergiou}, A. and
        {Kohler}, J. and {Kondratiev}, V.~I. and {Kuniyoshi}, M. and
        {Kuper}, G. and {Law}, C. and {van Leeuwen}, J. and {Maat}, P.
        and {Macario}, G. and {Mann}, G. and {Markoff}, S. and {McKay-
        Bukowski}, D. and {Mevius}, M. and {Miller-Jones}, J.~C.~A. and
        {Mol}, J.~D. and {Morganti}, R. and {Mulcahy}, D.~D. and {Munk},
        H. and {Norden}, M.~J. and {Orru}, E. and {Paas}, H. and
        {Pandey-Pommier}, M. and {Pandey}, V.~N. and {Pizzo}, R. and
        {Polatidis}, A.~G. and {Reich}, W. and {R{\"o}ttgering}, H. and
        {Scheers}, B. and {Schoenmakers}, A. and {Sluman}, J. and
        {Smirnov}, O. and {Sobey}, C. and {Steinmetz}, M. and {Tagger},
        M. and {Tang}, Y. and {Tasse}, C. and {Vermeulen}, R. and
        {Vocks}, C. and {Wijers}, R.~A.~M.~J. and {Wise}, M.~W. and
        {Wucknitz}, O. and {Zarka}, P.},
        title = ``{LOFAR detections of low-frequency radio recombination lines towards
        Cassiopeia A}'',
      journal = {\aap},
     keywords = {ISM: clouds, radio lines: ISM, ISM: individual objects: Cassiopeia A,
        Astrophysics - Galaxy Astrophysics},
         year = 2013,
        month = Mar,
       volume = {551},
          eid = {L11},
        pages = {L11},
          doi = {10.1051/0004-6361/201221001},
archivePrefix = {arXiv},
       eprint = {1302.3128},
 primaryClass = {astro-ph.GA},
       adsurl = {https://ui.adsabs.harvard.edu/#abs/2013A&A...551L..11A},
      adsnote = {Provided by the SAO/NASA Astrophysics Data System}
}

@ARTICLE{2013PASA...30....6M,
       author = {{Murphy}, Tara and {Chatterjee}, Shami and {Kaplan}, David L. and
        {Banyer}, Jay and {Bell}, Martin E. and {Bignall}, Hayley E. and
        {Bower}, Geoffrey C. and {Cameron}, Robert A. and {Coward},
        David M. and {Cordes}, James M. and {Croft}, Steve and {Curran},
        James R. and {Djorgovski}, S.~G. and {Farrell}, Sean A. and
        {Frail}, Dale A. and {Gaensler}, B.~M. and {Galloway}, Duncan K.
        and {Gendre}, Bruce and {Green}, Anne J. and {Hancock}, Paul J.
        and {Johnston}, Simon and {Kamble}, Atish and {Law}, Casey J.
        and {Lazio}, T. Joseph W. and {Lo}, Kitty K. and {Macquart},
        Jean-Pierre and {Rea}, Nanda and {Rebbapragada}, Umaa and
        {Reynolds}, Cormac and {Ryder}, Stuart D. and {Schmidt}, Brian
        and {Soria}, Roberto and {Stairs}, Ingrid H. and {Tingay},
        Steven J. and {Torkelsson}, Ulf and {Wagstaff}, Kiri and
        {Walker}, Mark and {Wayth}, Randall B. and {Williams}, Peter
        K.~G.},
        title = ``{VAST: An ASKAP Survey for Variables and Slow Transients}'',
      journal = {Publications of the Astronomical Society of Australia},
     keywords = {galaxies: general, ISM: general, radio continuum: general, stars:
        general, surveys, telescopes, Astrophysics - Instrumentation and
        Methods for Astrophysics, Astrophysics - Cosmology and
        Nongalactic Astrophysics, Astrophysics - High Energy
        Astrophysical Phenomena},
         year = 2013,
        month = Feb,
       volume = {30},
          eid = {e006},
        pages = {e006},
          doi = {10.1017/pasa.2012.006},
archivePrefix = {arXiv},
       eprint = {1207.1528},
 primaryClass = {astro-ph.IM},
       adsurl = {https://ui.adsabs.harvard.edu/#abs/2013PASA...30....6M},
      adsnote = {Provided by the SAO/NASA Astrophysics Data System}
}

@ARTICLE{2013ApJ...762...85W,
       author = {{Williams}, Peter K.~G. and {Bower}, Geoffrey C. and {Croft}, Steve and
        {Keating}, Garrett K. and {Law}, Casey J. and {Wright}, Melvyn
        C.~H.},
        title = ``{ASGARD: A Large Survey for Slow Galactic Radio Transients. I. Overview
        and First Results}'',
      journal = {\apj},
     keywords = {radio continuum: general, surveys, techniques: interferometric,
        Astrophysics - Galaxy Astrophysics, Astrophysics -
        Instrumentation and Methods for Astrophysics},
         year = 2013,
        month = Jan,
       volume = {762},
          eid = {85},
        pages = {85},
          doi = {10.1088/0004-637X/762/2/85},
archivePrefix = {arXiv},
       eprint = {1211.1042},
 primaryClass = {astro-ph.GA},
       adsurl = {https://ui.adsabs.harvard.edu/#abs/2013ApJ...762...85W},
      adsnote = {Provided by the SAO/NASA Astrophysics Data System}
}

@ARTICLE{2012ApJ...760..124L,
       author = {{Law}, Casey J. and {Bower}, Geoffrey C. and {Pokorny}, Martin and
        {Rupen}, Michael P. and {Sowinski}, Ken},
        title = ``{The RRAT Trap: Interferometric Localization of Radio Pulses from
        J0628+0909}'',
      journal = {\apj},
     keywords = {pulsars: individual: J0628+0909, stars: neutron, techniques:
        interferometric, Astrophysics - Astrophysics of Galaxies,
        Astrophysics - Instrumentation and Methods for Astrophysics},
         year = 2012,
        month = Dec,
       volume = {760},
          eid = {124},
        pages = {124},
          doi = {10.1088/0004-637X/760/2/124},
archivePrefix = {arXiv},
       eprint = {1208.6056},
 primaryClass = {astro-ph.GA},
       adsurl = {https://ui.adsabs.harvard.edu/#abs/2012ApJ...760..124L},
      adsnote = {Provided by the SAO/NASA Astrophysics Data System}
}

@ARTICLE{2012A&A...543A..66H,
       author = {{Hassall}, T.~E. and {Stappers}, B.~W. and {Hessels}, J.~W.~T. and
        {Kramer}, M. and {Alexov}, A. and {Anderson}, K. and {Coenen},
        T. and {Karastergiou}, A. and {Keane}, E.~F. and {Kondratiev},
        V.~I. and {Lazaridis}, K. and {van Leeuwen}, J. and {Noutsos},
        A. and {Serylak}, M. and {Sobey}, C. and {Verbiest}, J.~P.~W.
        and {Weltevrede}, P. and {Zagkouris}, K. and {Fender}, R. and
        {Wijers}, R.~A.~M.~J. and {B{\"a}hren}, L. and {Bell}, M.~E. and
        {Broderick}, J.~W. and {Corbel}, S. and {Daw}, E.~J. and
        {Dhillon}, V.~S. and {Eisl{\"o}ffel}, J. and {Falcke}, H. and
        {Grie{\ss}meier}, J. -M. and {Jonker}, P. and {Law}, C. and
        {Markoff}, S. and {Miller-Jones}, J.~C.~A. and {Osten}, R. and
        {Rol}, E. and {Scaife}, A.~M.~M. and {Scheers}, B. and
        {Schellart}, P. and {Spreeuw}, H. and {Swinbank}, J. and {ter
        Veen}, S. and {Wise}, M.~W. and {Wijnands}, R. and {Wucknitz},
        O. and {Zarka}, P. and {Asgekar}, A. and {Bell}, M.~R. and
        {Bentum}, M.~J. and {Bernardi}, G. and {Best}, P. and
        {Bonafede}, A. and {Boonstra}, A.~J. and {Brentjens}, M. and
        {Brouw}, W.~N. and {Br{\"u}ggen}, M. and {Butcher}, H.~R. and
        {Ciardi}, B. and {Garrett}, M.~A. and {Gerbers}, M. and {Gunst},
        A.~W. and {van Haarlem}, M.~P. and {Heald}, G. and {Hoeft}, M.
        and {Holties}, H. and {de Jong}, A. and {Koopmans}, L.~V.~E. and
        {Kuniyoshi}, M. and {Kuper}, G. and {Loose}, G.~M. and {Maat},
        P. and {Masters}, J. and {McKean}, J.~P. and {Meulman}, H. and
        {Mevius}, M. and {Munk}, H. and {Noordam}, J.~E. and {Orr{\'u}},
        E. and {Paas}, H. and {Pandey-Pommier}, M. and {Pandey}, V.~N.
        and {Pizzo}, R. and {Polatidis}, A. and {Reich}, W. and
        {R{\"o}ttgering}, H. and {Sluman}, J. and {Steinmetz}, M. and
        {Sterks}, C.~G.~M. and {Tagger}, M. and {Tang}, Y. and {Tasse},
        C. and {Vermeulen}, R. and {van Weeren}, R.~J. and {Wijnholds},
        S.~J. and {Yatawatta}, S.},
        title = ``{Wide-band simultaneous observations of pulsars: disentangling dispersion
        measure and profile variations}'',
      journal = {\aap},
     keywords = {pulsars: general, ISM: general, magnetic fields, telescopes,
        Astrophysics - High Energy Astrophysical Phenomena},
         year = 2012,
        month = Jul,
       volume = {543},
          eid = {A66},
        pages = {A66},
          doi = {10.1051/0004-6361/201218970},
archivePrefix = {arXiv},
       eprint = {1204.3864},
 primaryClass = {astro-ph.HE},
       adsurl = {https://ui.adsabs.harvard.edu/#abs/2012A&A...543A..66H},
      adsnote = {Provided by the SAO/NASA Astrophysics Data System}
}

@ARTICLE{2012yCat.8087....0C,
       author = {{Croft}, S. and {Bower}, G.~C. and {Ackermann}, R. and {Atkinson}, S.
        and {Backer}, D. and {Backus}, P. and {Barott}, W.~C. and
        {Bauermeister}, A. and {Blitz}, L. and {Bock}, D. and
        {Bradford}, T. and {Cheng}, C. and {Cork}, C. and {Davis}, M.
        and {de Boer}, D. and {Dexter}, M. and {Dreher}, J. and
        {Engargiola}, G. and {Fields}, E. and {Fleming}, M. and
        {Forster}, J.~R. and {Gutierrez-Kraybill}, C. and {Harp}, G. and
        {Helfer}, T. and {Hull}, C. and {Jordan}, J. and {Jorgensen}, S.
        and {Keating}, G. and {Kilsdonk}, T. and {Law}, C. and {van
        Leeuwen}, J. and {Lugten}, J. and {MacMahon}, D. and {McMahon},
        P. and {Milgrome}, O. and {Pierson}, T. and {Randall}, K. and
        {Ross}, J. and {Shostak}, S. and {Siemion}, A. and {Smolek}, K.
        and {Tarter}, J. and {Thornton}, D. and {Urry}, L. and
        {Vitouchkine}, A. and {Wadefalk}, N. and {Welch}, J. and
        {Werthimer}, D. and {Whysong}, D. and {Williams}, P.~K.~G. and
        {Wright}, M.},
        title = ``{VizieR Online Data Catalog: The Allen Telescope Array 20cm Survey
        (ATATS). I. (Croft+ 2010)}'',
      journal = {VizieR Online Data Catalog},
     keywords = {Radio continuum, Radio sources, Surveys},
         year = 2012,
        month = Jun,
          eid = {VIII/87},
        pages = {VIII/87},
       adsurl = {https://ui.adsabs.harvard.edu/#abs/2012yCat.8087....0C},
      adsnote = {Provided by the SAO/NASA Astrophysics Data System}
}

@ARTICLE{2012PASP..124..624W,
       author = {{Williams}, Peter K.~G. and {Law}, Casey J. and {Bower}, Geoffrey C.},
        title = ``{Rapid Development of Interferometric Software Using MIRIAD and Python}'',
      journal = {Publications of the Astronomical Society of the Pacific},
     keywords = {Astrophysics - Instrumentation and Methods for Astrophysics},
         year = 2012,
        month = Jun,
       volume = {124},
        pages = {624},
          doi = {10.1086/666604},
archivePrefix = {arXiv},
       eprint = {1203.0330},
 primaryClass = {astro-ph.IM},
       adsurl = {https://ui.adsabs.harvard.edu/#abs/2012PASP..124..624W},
      adsnote = {Provided by the SAO/NASA Astrophysics Data System}
}

@ARTICLE{2012ApJ...749..143L,
       author = {{Law}, Casey J. and {Bower}, Geoffrey C.},
        title = ``{All Transients, All the Time: Real-time Radio Transient Detection with
        Interferometric Closure Quantities}'',
      journal = {\apj},
     keywords = {instrumentation: interferometers, pulsars: individual: Crab B0329+54,
        techniques: interferometric, Astrophysics - Instrumentation and
        Methods for Astrophysics},
         year = 2012,
        month = Apr,
       volume = {749},
          eid = {143},
        pages = {143},
          doi = {10.1088/0004-637X/749/2/143},
archivePrefix = {arXiv},
       eprint = {1112.0308},
 primaryClass = {astro-ph.IM},
       adsurl = {https://ui.adsabs.harvard.edu/#abs/2012ApJ...749..143L},
      adsnote = {Provided by the SAO/NASA Astrophysics Data System}
}

@ARTICLE{2011ApJ...742...12L,
       author = {{Law}, C.~J. and {Jones}, G. and {Backer}, D.~C. and {Barott}, W.~C. and
        {Bower}, G.~C. and {Gutierrez-Kraybill}, C. and {Williams},
        P.~K.~G. and {Werthimer}, D.},
        title = ``{Millisecond Imaging of Radio Transients with the Pocket Correlator}'',
      journal = {\apj},
     keywords = {galaxies: ISM, intergalactic medium, methods: data analysis, pulsars:
        individual: B0329+54 Crab, techniques: interferometric,
        Astrophysics - Instrumentation and Methods for Astrophysics},
         year = 2011,
        month = Nov,
       volume = {742},
          eid = {12},
        pages = {12},
          doi = {10.1088/0004-637X/742/1/12},
archivePrefix = {arXiv},
       eprint = {1106.4876},
 primaryClass = {astro-ph.IM},
       adsurl = {https://ui.adsabs.harvard.edu/#abs/2011ApJ...742...12L},
      adsnote = {Provided by the SAO/NASA Astrophysics Data System}
}

@ARTICLE{2011ApJ...739...76B,
       author = {{Bower}, Geoffrey C. and {Whysong}, David and {Blair}, Samantha and
        {Croft}, Steve and {Keating}, Garrett and {Law}, Casey and
        {Williams}, Peter K.~G. and {Wright}, Melvyn C.~H.},
        title = ``{The Allen Telescope Array Pi GHz Sky Survey II. Daily and Monthly
        Monitoring for Transients and Variability in the Bo{\"o}tes
        Field}'',
      journal = {\apj},
     keywords = {radio continuum: galaxies, radio continuum: general, radio continuum:
        stars, surveys, Astrophysics - High Energy Astrophysical
        Phenomena, Astrophysics - Cosmology and Nongalactic Astrophysics},
         year = 2011,
        month = Oct,
       volume = {739},
          eid = {76},
        pages = {76},
          doi = {10.1088/0004-637X/739/2/76},
archivePrefix = {arXiv},
       eprint = {1107.1517},
 primaryClass = {astro-ph.HE},
       adsurl = {https://ui.adsabs.harvard.edu/#abs/2011ApJ...739...76B},
      adsnote = {Provided by the SAO/NASA Astrophysics Data System}
}

@ARTICLE{2011MNRAS.415....2B,
       author = {{Bell}, M.~E. and {Fender}, R.~P. and {Swinbank}, J. and {Miller-Jones},
        J.~C.~A. and {Law}, C.~J. and {Scheers}, B. and {Spreeuw}, H.
        and {Wise}, M.~W. and {Stappers}, B.~W. and {Wijers},
        R.~A.~M.~J. and {Hessels}, J.~W.~T. and {Masters}, J.},
        title = ``{An automated archival Very Large Array transients survey}'',
      journal = {\mnras},
     keywords = {astronomical data bases: miscellaneous, radio continuum: general,
        Astrophysics - High Energy Astrophysical Phenomena, Astrophysics
        - Instrumentation and Methods for Astrophysics},
         year = 2011,
        month = Jul,
       volume = {415},
        pages = {2-10},
          doi = {10.1111/j.1365-2966.2011.18631.x},
archivePrefix = {arXiv},
       eprint = {1103.0511},
 primaryClass = {astro-ph.HE},
       adsurl = {https://ui.adsabs.harvard.edu/#abs/2011MNRAS.415....2B},
      adsnote = {Provided by the SAO/NASA Astrophysics Data System}
}

@ARTICLE{2011ITAP...59.2004H,
       author = {{Harp}, G.~R. and {Ackermann}, R.~F. and {Nadler}, Z.~J. and {Blair},
        Samantha K. and {Davis}, M.~M. and {Wright}, M.~C.~H. and
        {Forster}, J.~R. and {Deboer}, D.~R. and {Welch}, W.~J. and
        {Atkinson}, Shannon and {Backer}, D.~C. and {Backus}, P.~R. and
        {Barott}, William and {Bauermeister}, Amber and {Blitz}, Leo and
        {Bock}, D.~C. -J. and {Bower}, Geoffrey C. and {Bradford},
        Tucker and {Cheng}, Calvin and {Croft}, Steve and {Dexter}, Matt
        and {Dreher}, John and {Engargiola}, Greg and {Fields}, E.~D.
        and {Heiles}, Carl and {Helfer}, Tamara and {Jordan}, Jane and
        {Jorgensen}, Susan and {Kilsdonk}, Tom and {Gutierrez-Kraybill},
        Colby and {Keating}, Garrett and {Law}, Casey and {Lugten}, John
        and {MacMahon}, D.~H.~E. and {McMahon}, Peter and {Milgrome},
        Oren and {Siemion}, Andrew and {Smolek}, Ken and {Thornton},
        Douglas and {Pierson}, Tom and {Randall}, Karen and {Ross}, John
        and {Shostak}, Seth and {Tarter}, J.~C. and {Urry}, Lynn and
        {Werthimer}, Dan and {Williams}, Peter K.~G. and {Whysong},
        David},
        title = ``{Primary Beam and Dish Surface Characterization at the Allen Telescope
        Array by Radio Holography}'',
      journal = {IEEE Transactions on Antennas and Propagation},
     keywords = {Astrophysics - Instrumentation and Methods for Astrophysics},
         year = 2011,
        month = Jun,
       volume = {59},
        pages = {2004-2021},
          doi = {10.1109/TAP.2011.2122214},
archivePrefix = {arXiv},
       eprint = {1210.8246},
 primaryClass = {astro-ph.IM},
       adsurl = {https://ui.adsabs.harvard.edu/#abs/2011ITAP...59.2004H},
      adsnote = {Provided by the SAO/NASA Astrophysics Data System}
}

@ARTICLE{2011A&A...530A..80S,
       author = {{Stappers}, B.~W. and {Hessels}, J.~W.~T. and {Alexov}, A. and
        {Anderson}, K. and {Coenen}, T. and {Hassall}, T. and
        {Karastergiou}, A. and {Kondratiev}, V.~I. and {Kramer}, M. and
        {van Leeuwen}, J. and {Mol}, J.~D. and {Noutsos}, A. and
        {Romein}, J.~W. and {Weltevrede}, P. and {Fender}, R. and
        {Wijers}, R.~A.~M.~J. and {B{\"a}hren}, L. and {Bell}, M.~E. and
        {Broderick}, J. and {Daw}, E.~J. and {Dhillon}, V.~S. and
        {Eisl{\"o}ffel}, J. and {Falcke}, H. and {Griessmeier}, J. and
        {Law}, C. and {Markoff}, S. and {Miller-Jones}, J.~C.~A. and
        {Scheers}, B. and {Spreeuw}, H. and {Swinbank}, J. and {Ter
        Veen}, S. and {Wise}, M.~W. and {Wucknitz}, O. and {Zarka}, P.
        and {Anderson}, J. and {Asgekar}, A. and {Avruch}, I.~M. and
        {Beck}, R. and {Bennema}, P. and {Bentum}, M.~J. and {Best}, P.
        and {Bregman}, J. and {Brentjens}, M. and {van de Brink}, R.~H.
        and {Broekema}, P.~C. and {Brouw}, W.~N. and {Br{\"u}ggen}, M.
        and {de Bruyn}, A.~G. and {Butcher}, H.~R. and {Ciardi}, B. and
        {Conway}, J. and {Dettmar}, R. -J. and {van Duin}, A. and {van
        Enst}, J. and {Garrett}, M. and {Gerbers}, M. and {Grit}, T. and
        {Gunst}, A. and {van Haarlem}, M.~P. and {Hamaker}, J.~P. and
        {Heald}, G. and {Hoeft}, M. and {Holties}, H. and {Horneffer},
        A. and {Koopmans}, L.~V.~E. and {Kuper}, G. and {Loose}, M. and
        {Maat}, P. and {McKay-Bukowski}, D. and {McKean}, J.~P. and
        {Miley}, G. and {Morganti}, R. and {Nijboer}, R. and {Noordam},
        J.~E. and {Norden}, M. and {Olofsson}, H. and {Pandey-Pommier},
        M. and {Polatidis}, A. and {Reich}, W. and {R{\"o}ttgering}, H.
        and {Schoenmakers}, A. and {Sluman}, J. and {Smirnov}, O. and
        {Steinmetz}, M. and {Sterks}, C.~G.~M. and {Tagger}, M. and
        {Tang}, Y. and {Vermeulen}, R. and {Vermaas}, N. and {Vogt}, C.
        and {de Vos}, M. and {Wijnholds}, S.~J. and {Yatawatta}, S. and
        {Zensus}, A.},
        title = ``{Observing pulsars and fast transients with LOFAR}'',
      journal = {\aap},
     keywords = {telescopes, pulsars: general, instrumentation: interferometers, methods:
        observational, stars: neutron, ISM: general, Astrophysics -
        Instrumentation and Methods for Astrophysics, Astrophysics -
        Solar and Stellar Astrophysics},
         year = 2011,
        month = Jun,
       volume = {530},
          eid = {A80},
        pages = {A80},
          doi = {10.1051/0004-6361/201116681},
archivePrefix = {arXiv},
       eprint = {1104.1577},
 primaryClass = {astro-ph.IM},
       adsurl = {https://ui.adsabs.harvard.edu/#abs/2011A&A...530A..80S},
      adsnote = {Provided by the SAO/NASA Astrophysics Data System}
}

@ARTICLE{2011MNRAS.413..763C,
       author = {{Crocker}, R.~M. and {Jones}, D.~I. and {Aharonian}, F. and {Law}, C.~J.
        and {Melia}, F. and {Oka}, T. and {Ott}, J.},
        title = ``{Wild at Heart: the particle astrophysics of the Galactic Centre}'',
      journal = {\mnras},
     keywords = {radiation mechanisms: non-thermal, cosmic rays, ISM: jets and outflows,
        ISM: supernova remnants, Galaxy: centre, galaxies: star
        formation, Astrophysics - Galaxy Astrophysics, Astrophysics -
        High Energy Astrophysical Phenomena},
         year = 2011,
        month = May,
       volume = {413},
        pages = {763-788},
          doi = {10.1111/j.1365-2966.2010.18170.x},
archivePrefix = {arXiv},
       eprint = {1011.0206},
 primaryClass = {astro-ph.GA},
       adsurl = {https://ui.adsabs.harvard.edu/#abs/2011MNRAS.413..763C},
      adsnote = {Provided by the SAO/NASA Astrophysics Data System}
}

@ARTICLE{2011ApJ...731...36L,
       author = {{Law}, C.~J. and {Brentjens}, M.~A. and {Novak}, G.},
        title = ``{A Constraint on the Organization of the Galactic Center Magnetic Field
        Using Faraday Rotation}'',
      journal = {\apj},
     keywords = {galaxies: magnetic fields, Galaxy: center, radio continuum: general,
        techniques: polarimetric, Astrophysics - Astrophysics of
        Galaxies},
         year = 2011,
        month = Apr,
       volume = {731},
          eid = {36},
        pages = {36},
          doi = {10.1088/0004-637X/731/1/36},
archivePrefix = {arXiv},
       eprint = {1102.2204},
 primaryClass = {astro-ph.GA},
       adsurl = {https://ui.adsabs.harvard.edu/#abs/2011ApJ...731...36L},
      adsnote = {Provided by the SAO/NASA Astrophysics Data System}
}

@ARTICLE{2011ApJ...731...34C,
       author = {{Croft}, Steve and {Bower}, Geoffrey C. and {Keating}, Garrett and
        {Law}, Casey and {Whysong}, David and {Williams}, Peter K.~G.
        and {Wright}, Melvyn},
        title = ``{The Allen Telescope Array Twenty-centimeter Survey{\textemdash}A 700
        -square-degree, Multi-epoch Radio Data Set. II. Individual Epoch
        Transient Statistics}'',
      journal = {\apj},
     keywords = {catalogs, radio continuum: galaxies, surveys, Astrophysics - Cosmology
        and Nongalactic Astrophysics},
         year = 2011,
        month = Apr,
       volume = {731},
          eid = {34},
        pages = {34},
          doi = {10.1088/0004-637X/731/1/34},
archivePrefix = {arXiv},
       eprint = {1102.2227},
 primaryClass = {astro-ph.CO},
       adsurl = {https://ui.adsabs.harvard.edu/#abs/2011ApJ...731...34C},
      adsnote = {Provided by the SAO/NASA Astrophysics Data System}
}

@ARTICLE{2011MNRAS.411L..11C,
       author = {{Crocker}, R.~M. and {Jones}, D.~I. and {Aharonian}, F. and {Law}, C.~J.
        and {Melia}, F. and {Ott}, J.},
        title = ``{{\ensuremath{\gamma}}-rays and the far-infrared-radio continuum
        correlation reveal a powerful Galactic Centre wind}'',
      journal = {\mnras},
     keywords = {cosmic rays, ISM: jets and outflows, ISM: supernova remnants, Galaxy:
        centre, radio continuum: ISM, Astrophysics - Astrophysics of
        Galaxies, Astrophysics - High Energy Astrophysical Phenomena},
         year = 2011,
        month = Feb,
       volume = {411},
        pages = {L11-L15},
          doi = {10.1111/j.1745-3933.2010.00983.x},
archivePrefix = {arXiv},
       eprint = {1009.4340},
 primaryClass = {astro-ph.GA},
       adsurl = {https://ui.adsabs.harvard.edu/#abs/2011MNRAS.411L..11C},
      adsnote = {Provided by the SAO/NASA Astrophysics Data System}
}

@ARTICLE{2011ApJ...728...57L,
       author = {{Law}, C.~J. and {Gaensler}, B.~M. and {Bower}, G.~C. and {Backer},
        D.~C. and {Bauermeister}, A. and {Croft}, S. and {Forster}, R.
        and {Gutierrez-Kraybill}, C. and {Harvey-Smith}, L. and
        {Heiles}, C. and {Hull}, C. and {Keating}, G. and {MacMahon}, D.
        and {Whysong}, D. and {Williams}, P.~K.~G. and {Wright}, M.},
        title = ``{Spectropolarimetry with the Allen Telescope Array: Faraday Rotation
        Toward Bright Polarized Radio Galaxies}'',
      journal = {\apj},
     keywords = {galaxies: magnetic fields, radio continuum: galaxies, surveys,
        techniques: polarimetric, Astrophysics - Cosmology and
        Nongalactic Astrophysics},
         year = 2011,
        month = Feb,
       volume = {728},
          eid = {57},
        pages = {57},
          doi = {10.1088/0004-637X/728/1/57},
archivePrefix = {arXiv},
       eprint = {1012.0945},
 primaryClass = {astro-ph.CO},
       adsurl = {https://ui.adsabs.harvard.edu/#abs/2011ApJ...728...57L},
      adsnote = {Provided by the SAO/NASA Astrophysics Data System}
}

@INPROCEEDINGS{2011AAS...21724001L,
       author = {{Law}, Casey J. and {Gaensler}, B.~M. and {Bower}, G.~C. and {Allen
        Telescope Array Team}},
        title = ``{Spectropolarimetry with the Allen Telescope Array: Revealing a New
        Dimension}'',
    booktitle = {American Astronomical Society Meeting Abstracts \#217},
         year = 2011,
       volume = {217},
        month = Jan,
          eid = {240.01},
        pages = {240.01},
       adsurl = {https://ui.adsabs.harvard.edu/#abs/2011AAS...21724001L},
      adsnote = {Provided by the SAO/NASA Astrophysics Data System}
}

@ARTICLE{2010PASP..122.1510H,
       author = {{Hull}, Charles L.~H. and {Bower}, Geoffrey C. and {Croft}, Steve and
        {Williams}, Peter K.~G. and {Law}, Casey and {Whysong}, David},
        title = ``{Primary-Beam Shape Calibration from Mosaicked, Interferometric
        Observations}'',
      journal = {Publications of the Astronomical Society of the Pacific},
     keywords = {Astrophysics - Instrumentation and Methods for Astrophysics},
         year = 2010,
        month = Dec,
       volume = {122},
        pages = {1510},
          doi = {10.1086/657588},
archivePrefix = {arXiv},
       eprint = {1010.1064},
 primaryClass = {astro-ph.IM},
       adsurl = {https://ui.adsabs.harvard.edu/#abs/2010PASP..122.1510H},
      adsnote = {Provided by the SAO/NASA Astrophysics Data System}
}

@ARTICLE{2010ApJ...725.1792B,
       author = {{Bower}, Geoffrey C. and {Croft}, Steve and {Keating}, Garrett and
        {Whysong}, David and {Ackermann}, Rob and {Atkinson}, Shannon
        and {Backer}, Don and {Backus}, Peter and {Barott}, Billy and
        {Bauermeister}, Amber and {Blitz}, Leo and {Bock}, Douglas and
        {Bradford}, Tucker and {Cheng}, Calvin and {Cork}, Chris and
        {Davis}, Mike and {DeBoer}, Dave and {Dexter}, Matt and
        {Dreher}, John and {Engargiola}, Greg and {Fields}, Ed and
        {Fleming}, Matt and {Forster}, R. James and {Gutierrez-
        Kraybill}, Colby and {Harp}, G.~R. and {Heiles}, Carl and
        {Helfer}, Tamara and {Hull}, Chat and {Jordan}, Jane and
        {Jorgensen}, Susanne and {Kilsdonk}, Tom and {Law}, Casey and
        {van Leeuwen}, Joeri and {Lugten}, John and {MacMahon}, Dave and
        {McMahon}, Peter and {Milgrome}, Oren and {Pierson}, Tom and
        {Randall}, Karen and {Ross}, John and {Shostak}, Seth and
        {Siemion}, Andrew and {Smolek}, Ken and {Tarter}, Jill and
        {Thornton}, Douglas and {Urry}, Lynn and {Vitouchkine}, Artyom
        and {Wadefalk}, Niklas and {Weinreb}, Sandy and {Welch}, Jack
        and {Werthimer}, Dan and {Williams}, Peter K.~G. and {Wright},
        Melvyn},
        title = ``{The Allen Telescope Array Pi GHz Sky Survey. I. Survey Description and
        Static Catalog Results for the Bo{\"o}tes Field}'',
      journal = {\apj},
     keywords = {radio continuum: galaxies, radio continuum: general, radio continuum:
        stars, surveys, Astrophysics - High Energy Astrophysical
        Phenomena},
         year = 2010,
        month = Dec,
       volume = {725},
        pages = {1792-1804},
          doi = {10.1088/0004-637X/725/2/1792},
archivePrefix = {arXiv},
       eprint = {1009.4443},
 primaryClass = {astro-ph.HE},
       adsurl = {https://ui.adsabs.harvard.edu/#abs/2010ApJ...725.1792B},
      adsnote = {Provided by the SAO/NASA Astrophysics Data System}
}

@ARTICLE{2010ApJ...724..827C,
       author = {{Croft}, Steve and {Bower}, Geoffrey C. and {Ackermann}, Rob and
        {Atkinson}, Shannon and {Backer}, Don and {Backus}, Peter and
        {Barott}, William C. and {Bauermeister}, Amber and {Blitz}, Leo
        and {Bock}, Douglas and {Bradford}, Tucker and {Cheng}, Calvin
        and {Cork}, Chris and {Davis}, Mike and {DeBoer}, Dave and
        {Dexter}, Matt and {Dreher}, John and {Engargiola}, Greg and
        {Fields}, Ed and {Fleming}, Matt and {Forster}, James R. and
        {Gutierrez-Kraybill}, Colby and {Harp}, Gerry and {Helfer},
        Tamara and {Hull}, Chat and {Jordan}, Jane and {Jorgensen},
        Susanne and {Keating}, Garrett and {Kilsdonk}, Tom and {Law},
        Casey and {van Leeuwen}, Joeri and {Lugten}, John and
        {MacMahon}, Dave and {McMahon}, Peter and {Milgrome}, Oren and
        {Pierson}, Tom and {Randall}, Karen and {Ross}, John and
        {Shostak}, Seth and {Siemion}, Andrew and {Smolek}, Ken and
        {Tarter}, Jill and {Thornton}, Douglas and {Urry}, Lynn and
        {Vitouchkine}, Artyom and {Wadefalk}, Niklas and {Welch}, Jack
        and {Werthimer}, Dan and {Whysong}, David and {Williams}, Peter
        K.~G. and {Wright}, Melvyn},
        title = ``{Erratum: ''The Allen Telescope Array Twenty-centimeter
        Survey{\textemdash}A 690 Deg$^{2}$, 12 Epoch Radio Data Set. I.
        Catalog and Long-duration Transient Statistics'' <A
        href=''/abs/2010ApJ...719...45C''>(2010, ApJ, 719, 45)</A>}'',
      journal = {\apj},
         year = 2010,
        month = Nov,
       volume = {724},
        pages = {827},
          doi = {10.1088/0004-637X/724/1/827},
       adsurl = {https://ui.adsabs.harvard.edu/#abs/2010ApJ...724..827C},
      adsnote = {Provided by the SAO/NASA Astrophysics Data System}
}

@ARTICLE{2010ApJ...719...45C,
       author = {{Croft}, Steve and {Bower}, Geoffrey C. and {Ackermann}, Rob and
        {Atkinson}, Shannon and {Backer}, Don and {Backus}, Peter and
        {Barott}, William C. and {Bauermeister}, Amber and {Blitz}, Leo
        and {Bock}, Douglas and {Bradford}, Tucker and {Cheng}, Calvin
        and {Cork}, Chris and {Davis}, Mike and {DeBoer}, Dave and
        {Dexter}, Matt and {Dreher}, John and {Engargiola}, Greg and
        {Fields}, Ed and {Fleming}, Matt and {Forster}, James R. and
        {Gutierrez-Kraybill}, Colby and {Harp}, Gerry and {Helfer},
        Tamara and {Hull}, Chat and {Jordan}, Jane and {Jorgensen},
        Susanne and {Keating}, Garrett and {Kilsdonk}, Tom and {Law},
        Casey and {van Leeuwen}, Joeri and {Lugten}, John and
        {MacMahon}, Dave and {McMahon}, Peter and {Milgrome}, Oren and
        {Pierson}, Tom and {Randall}, Karen and {Ross}, John and
        {Shostak}, Seth and {Siemion}, Andrew and {Smolek}, Ken and
        {Tarter}, Jill and {Thornton}, Douglas and {Urry}, Lynn and
        {Vitouchkine}, Artyom and {Wadefalk}, Niklas and {Welch}, Jack
        and {Werthimer}, Dan and {Whysong}, David and {Williams}, Peter
        K.~G. and {Wright}, Melvyn},
        title = ``{The Allen Telescope Array Twenty-centimeter Survey{\textemdash}A 690
        deg$^{2}$, 12 Epoch Radio Data Set. I. Catalog and Long-duration
        Transient Statistics}'',
      journal = {\apj},
     keywords = {catalogs, radio continuum: galaxies, surveys, Astrophysics - Cosmology
        and Nongalactic Astrophysics},
         year = 2010,
        month = Aug,
       volume = {719},
        pages = {45-58},
          doi = {10.1088/0004-637X/719/1/45},
archivePrefix = {arXiv},
       eprint = {1006.2003},
 primaryClass = {astro-ph.CO},
       adsurl = {https://ui.adsabs.harvard.edu/#abs/2010ApJ...719...45C},
      adsnote = {Provided by the SAO/NASA Astrophysics Data System}
}

@INPROCEEDINGS{2010ecsa.conf..160S,
       author = {{Sawada}, Makoto and {Tsujimoto}, Masahiro and {Koyama}, Katsuji and
        {Law}, Casey J. and {Tsuru}, Takeshi Go and {Hyodo}, Yoshiaki},
        title = ``{Suzaku identifies the true nature of an old friend in the Galactic
        center: SgrD}'',
    booktitle = {The Energetic Cosmos: from Suzaku to ASTRO-H},
         year = 2010,
        month = Feb,
        pages = {160-161},
       adsurl = {https://ui.adsabs.harvard.edu/#abs/2010ecsa.conf..160S},
      adsnote = {Provided by the SAO/NASA Astrophysics Data System}
}

@ARTICLE{2010ApJ...708..474L,
       author = {{Law}, C.~J.},
        title = ``{A Multiwavelength View of a Mass Outflow from the Galactic Center}'',
      journal = {\apj},
     keywords = {Galaxy: center, galaxies: starburst, galaxies: nuclei, infrared:
        galaxies, radio continuum: galaxies, Astrophysics - Astrophysics
        of Galaxies},
         year = 2010,
        month = Jan,
       volume = {708},
        pages = {474-484},
          doi = {10.1088/0004-637X/708/1/474},
archivePrefix = {arXiv},
       eprint = {0911.2061},
 primaryClass = {astro-ph.GA},
       adsurl = {https://ui.adsabs.harvard.edu/#abs/2010ApJ...708..474L},
      adsnote = {Provided by the SAO/NASA Astrophysics Data System}
}

@INPROCEEDINGS{2010AAS...21540301L,
       author = {{Law}, Casey J. and {Gaensler}, B.~M. and {Bower}, G.~C. and {Allen
        Telescope Array Team}},
        title = ``{Probing the Galactic Magnetic Field with the Allen Telescope Array}'',
    booktitle = {American Astronomical Society Meeting Abstracts \#215},
         year = 2010,
       volume = {215},
        month = Jan,
          eid = {403.01},
        pages = {403.01},
       adsurl = {https://ui.adsabs.harvard.edu/#abs/2010AAS...21540301L},
      adsnote = {Provided by the SAO/NASA Astrophysics Data System}
}

@INPROCEEDINGS{2009AAS...21460105L,
       author = {{Law}, Casey J. and {ATA Team}},
        title = ``{Results from the Allen Telescope Array: Imaging Sub-second Transients}'',
    booktitle = {American Astronomical Society Meeting Abstracts \#214},
         year = 2009,
       volume = {214},
        month = Dec,
          eid = {601.05},
        pages = {601.05},
       adsurl = {https://ui.adsabs.harvard.edu/#abs/2009AAS...21460105L},
      adsnote = {Provided by the SAO/NASA Astrophysics Data System}
}

@INPROCEEDINGS{2009AAS...21460103W,
       author = {{Williams}, Peter K.~G. and {Bower}, G.~C. and {Law}, C.~J. and {ATA
        Team}},
        title = ``{Results from the Allen Telescope Array: Launching the ATA Galactic
        Center Transient Survey}'',
    booktitle = {American Astronomical Society Meeting Abstracts \#214},
         year = 2009,
       volume = {214},
        month = Dec,
          eid = {601.03},
        pages = {601.03},
       adsurl = {https://ui.adsabs.harvard.edu/#abs/2009AAS...21460103W},
      adsnote = {Provided by the SAO/NASA Astrophysics Data System}
}

@ARTICLE{2009yCat..21810110M,
       author = {{Muno}, M.~P. and {Bauer}, F.~E. and {Baganoff}, F.~K. and
        {Bandyopadhyay}, R.~M. and {Bower}, G.~C. and {Brandt}, W.~N.
        and {Broos}, P.~S. and {Cotera}, A. and {Eikenberry}, S.~S. and
        {Garmire}, G.~P. and {Hyman}, S.~D. and {Kassim}, N.~E. and
        {Lang}, C.~C. and {Lazio}, T.~J.~W. and {Law}, C. and
        {Mauerhan}, J.~C. and {Morris}, M.~R. and {Nagata}, T. and
        {Nishiyama}, S. and {Park}, S. and {Ramirez}, S.~V. and
        {Stolovy}, S.~R. and {Wijnands}, R. and {Wang}, Q.~D. and
        {Wang}, Z. and {Yusef-Zadeh}, F.},
        title = ``{VizieR Online Data Catalog: Galactic center X-ray sources (Muno+, 2009)}'',
      journal = {VizieR Online Data Catalog},
     keywords = {X-ray sources, Surveys, Milky Way},
         year = 2009,
        month = Oct,
          eid = {J/ApJS/181/110},
        pages = {J/ApJS/181/110},
       adsurl = {https://ui.adsabs.harvard.edu/#abs/2009yCat..21810110M},
      adsnote = {Provided by the SAO/NASA Astrophysics Data System}
}

@ARTICLE{2009yCat..21770515L,
       author = {{Law}, C.~J. and {Yusef-Zadeh}, F. and {Cotton}, W.~D.},
        title = ``{VizieR Online Data Catalog: 6cm and 20cm survey of Galactic Center
        (Law+, 2008)}'',
      journal = {VizieR Online Data Catalog},
     keywords = {Radio continuum, Surveys, Radio sources},
         year = 2009,
        month = Sep,
          eid = {J/ApJS/177/515},
        pages = {J/ApJS/177/515},
       adsurl = {https://ui.adsabs.harvard.edu/#abs/2009yCat..21770515L},
      adsnote = {Provided by the SAO/NASA Astrophysics Data System}
}

@ARTICLE{2009yCat..21770255L,
       author = {{Law}, C.~J. and {Yusef-Zadeh}, F. and {Cotton}, W.~D. and {Maddalena},
        R.~J.},
        title = ``{VizieR Online Data Catalog: GBT multiwavelength survey of Galactic
        center (Law+, 2008)}'',
      journal = {VizieR Online Data Catalog},
     keywords = {Radio sources, Surveys},
         year = 2009,
        month = Aug,
          eid = {J/ApJS/177/255},
        pages = {J/ApJS/177/255},
       adsurl = {https://ui.adsabs.harvard.edu/#abs/2009yCat..21770255L},
      adsnote = {Provided by the SAO/NASA Astrophysics Data System}
}

@ARTICLE{2009ApJ...695.1070L,
       author = {{Law}, C.~J. and {Backer}, D. and {Yusef-Zadeh}, F. and {Maddalena}, R.},
        title = ``{Radio Recombination Lines Toward the Galactic Center Lobe}'',
      journal = {\apj},
     keywords = {Galaxy: center, radio lines: general, Astrophysics - Galaxy Astrophysics},
         year = 2009,
        month = Apr,
       volume = {695},
        pages = {1070-1081},
          doi = {10.1088/0004-637X/695/2/1070},
archivePrefix = {arXiv},
       eprint = {0901.1480},
 primaryClass = {astro-ph.GA},
       adsurl = {https://ui.adsabs.harvard.edu/#abs/2009ApJ...695.1070L},
      adsnote = {Provided by the SAO/NASA Astrophysics Data System}
}

@ARTICLE{2009ApJS..181..110M,
       author = {{Muno}, M.~P. and {Bauer}, F.~E. and {Baganoff}, F.~K. and
        {Bandyopadhyay}, R.~M. and {Bower}, G.~C. and {Brandt}, W.~N.
        and {Broos}, P.~S. and {Cotera}, A. and {Eikenberry}, S.~S. and
        {Garmire}, G.~P. and {Hyman}, S.~D. and {Kassim}, N.~E. and
        {Lang}, C.~C. and {Lazio}, T.~J.~W. and {Law}, C. and
        {Mauerhan}, J.~C. and {Morris}, M.~R. and {Nagata}, T. and
        {Nishiyama}, S. and {Park}, S. and {Ram{\`\i}rez}, S.~V. and
        {Stolovy}, S.~R. and {Wijnands}, R. and {Wang}, Q.~D. and
        {Wang}, Z. and {Yusef-Zadeh}, F.},
        title = ``{A Catalog of X-Ray Point Sources from Two Megaseconds of Chandra
        Observations of the Galactic Center}'',
      journal = {The Astrophysical Journal Supplement Series},
     keywords = {Galaxy: center, X-rays: stars, Astrophysics},
         year = 2009,
        month = Mar,
       volume = {181},
        pages = {110-128},
          doi = {10.1088/0067-0049/181/1/110},
archivePrefix = {arXiv},
       eprint = {0809.1105},
 primaryClass = {astro-ph},
       adsurl = {https://ui.adsabs.harvard.edu/#abs/2009ApJS..181..110M},
      adsnote = {Provided by the SAO/NASA Astrophysics Data System}
}

@INPROCEEDINGS{2009pra..confE...5V,
       author = {{van Leeuwen}, J. and {Blitz}, L. and {Bock}, D. and {Backer}, D. and
        {Bauermeister}, A. and {Bower}, G.~C. and {Cheng}, C. and
        {Croft}, S. and {Dexter}, M. and {Engargiola}, G. and {Fields},
        E. and {Forster}, R. and {Gutierrez-Kraybill}, C. and {Heiles},
        C. and {Helfer}, T. and {Jorgensen}, S. and {Keating}, G. and
        {Law}, C. and {Lugten}, J. and {MacMahon}, D. and {Milgrome}, O.
        and {Thornton}, D. and {Urry}, L. and {Welch}, J. and
        {Werthimer}, D. and {Williams}, P. and {Wright}, M. and
        {Ackermann}, R. and {Atkinson}, S. and {Backus}, P. and
        {Barott}, W. and {Bradford}, T. and {Davis}, M. and {Deboer}, D.
        and {Dreher}, J. and {Harp}, G. and {Jordan}, J. and {Kilsdonk},
        T. and {Pierson}, T. and {Randall}, K. and {Ross}, J. and
        {Shostak}, S. and {Tarter}, J.},
        title = ``{The Allen Telescope Array: The First Widefield, Panchromatic, Snapshot
        Radio Camera}'',
     keywords = {Astrophysics - Instrumentation and Methods for Astrophysics},
    booktitle = {Panoramic Radio Astronomy: Wide-field 1-2 GHz Research on Galaxy Evolution},
         year = 2009,
        month = Jan,
          eid = {5},
        pages = {5},
archivePrefix = {arXiv},
       eprint = {0908.1175},
 primaryClass = {astro-ph.IM},
       adsurl = {https://ui.adsabs.harvard.edu/#abs/2009pra..confE...5V},
      adsnote = {Provided by the SAO/NASA Astrophysics Data System}
}

@ARTICLE{2009PASJ...61S.209S,
       author = {{Sawada}, Makoto and {Tsujimoto}, Masahiro and {Koyama}, Katsuji and
        {Law}, Casey J. and {Tsuru}, Takeshi Go and {Hyodo}, Yoshiaki},
        title = ``{X-Ray Observations of the Sagittarius D HII Region toward the Galactic
        Center with Suzaku}'',
      journal = {Publications of the Astronomical Society of Japan},
     keywords = {ISM: HII regions, ISM: individual (Sgr D), ISM: supernova remnants,
        radio continuum: ISM, X-rays: ISM},
         year = 2009,
        month = Jan,
       volume = {61},
        pages = {S209},
          doi = {10.1093/pasj/61.sp1.S209},
       adsurl = {https://ui.adsabs.harvard.edu/#abs/2009PASJ...61S.209S},
      adsnote = {Provided by the SAO/NASA Astrophysics Data System}
}

@INPROCEEDINGS{2009astro2010S.176L,
       author = {{Lazio}, J. and {Bloom}, J.~S. and {Bower}, G.~C. and {Cordes}, J. and
        {Croft}, S. and {Hyman}, S. and {Law}, C. and {McLaughlin}, M.},
        title = ``{The Dynamic Radio Sky: An Opportunity for Discovery}'',
     keywords = {Astrophysics - Instrumentation and Methods for Astrophysics,
        Astrophysics - Cosmology and Nongalactic Astrophysics,
        Astrophysics - Earth and Planetary Astrophysics, Astrophysics -
        Astrophysics of Galaxies, Astrophysics - High Energy
        Astrophysical Phenomena, Astrophysics - Solar and Stellar
        Astrophysics},
    booktitle = {astro2010: The Astronomy and Astrophysics Decadal Survey},
         year = 2009,
       volume = {2010},
        month = Jan,
        pages = {176},
archivePrefix = {arXiv},
       eprint = {0904.0633},
 primaryClass = {astro-ph.IM},
       adsurl = {https://ui.adsabs.harvard.edu/#abs/2009astro2010S.176L},
      adsnote = {Provided by the SAO/NASA Astrophysics Data System}
}

@INPROCEEDINGS{2009astro2010P..65W,
       author = {{Williams}, Peter K.~G. and {Huff}, Eric and {Maness}, Holly L. and
        {Modjaz}, Maryam and {Shapiro}, Kristen L. and {Silverman},
        Jeffrey M. and {Strubbe}, Linda and {Adams}, Betsey and
        {Alatalo}, Katherine and {Chiu}, Kuenley and {Claire}, Mark and
        {Cobb}, Bethany and {Cruz}, Kelle and {Desroches}, Louis-Benoit
        and {Enoch}, Melissa and {Hull}, Chat and {Jang-Condell}, Hannah
        and {Law}, Casey and {McConnell}, Nicholas and {Meijerink},
        Rowin and {Offner}, Stella and {Parejko}, John K. and {Pober},
        Jonathan and {Pontoppidan}, Klaus and {Poznanski}, Dovi and
        {Seth}, Anil and {Stahler}, Steven and {Walkowicz}, Lucianne and
        {West}, Andrew A. and {Wezel}, Andrew and {Whysong}, David},
        title = ``{Training the Next Generation of Astronomers}'',
     keywords = {Astrophysics - Instrumentation and Methods for Astrophysics},
    booktitle = {astro2010: The Astronomy and Astrophysics Decadal Survey},
         year = 2009,
       volume = {2010},
        month = Jan,
        pages = {P65},
archivePrefix = {arXiv},
       eprint = {0904.2571},
 primaryClass = {astro-ph.IM},
       adsurl = {https://ui.adsabs.harvard.edu/#abs/2009astro2010P..65W},
      adsnote = {Provided by the SAO/NASA Astrophysics Data System}
}

@ARTICLE{2008ApJ...685..958A,
       author = {{Arendt}, R.~G. and {Gezari}, D.~Y. and {Stolovy}, S.~R. and {Sellgren},
        K. and {Smith}, R. and {Ram{\'\i}rez}, S.~V. and {Yusef-Zadeh},
        F. and {Law}, C.~J. and {Smith}, H.~A. and {Cotera}, A.~S. and
        {Moseley}, S.~H.},
        title = ``{Comparison of 3.6-8.0 {\ensuremath{\mu}}m Spitzer/IRAC Galactic Center
        Survey Point Sources with Chandra X-Ray Point Sources in the
        Central 40 {\texttimes} 40 Parsecs}'',
      journal = {\apj},
     keywords = {Galaxy: center, infrared: stars, X-rays: binaries, Astrophysics},
         year = 2008,
        month = Oct,
       volume = {685},
        pages = {958-970},
          doi = {10.1086/591015},
archivePrefix = {arXiv},
       eprint = {0806.1880},
 primaryClass = {astro-ph},
       adsurl = {https://ui.adsabs.harvard.edu/#abs/2008ApJ...685..958A},
      adsnote = {Provided by the SAO/NASA Astrophysics Data System}
}

@ARTICLE{2008ApJS..177..515L,
       author = {{Law}, C.~J. and {Yusef-Zadeh}, F. and {Cotton}, W.~D.},
        title = ``{A Wide-Area VLA Continuum Survey near the Galactic Center at 6 and 20 cm
        Wavelengths}'',
      journal = {The Astrophysical Journal Supplement Series},
     keywords = {Galaxy: center, radio continuum: general, surveys, Astrophysics},
         year = 2008,
        month = Aug,
       volume = {177},
        pages = {515-545},
          doi = {10.1086/588218},
archivePrefix = {arXiv},
       eprint = {0803.1412},
 primaryClass = {astro-ph},
       adsurl = {https://ui.adsabs.harvard.edu/#abs/2008ApJS..177..515L},
      adsnote = {Provided by the SAO/NASA Astrophysics Data System}
}

@ARTICLE{2008ApJS..177..255L,
       author = {{Law}, C.~J. and {Yusef-Zadeh}, F. and {Cotton}, W.~D. and {Maddalena},
        R.~J.},
        title = ``{Green Bank Telescope Multiwavelength Survey of the Galactic Center
        Region}'',
      journal = {The Astrophysical Journal Supplement Series},
     keywords = {Galaxy: center, radio continuum: general, surveys, Astrophysics},
         year = 2008,
        month = Jul,
       volume = {177},
        pages = {255-274},
          doi = {10.1086/533587},
archivePrefix = {arXiv},
       eprint = {0801.4294},
 primaryClass = {astro-ph},
       adsurl = {https://ui.adsabs.harvard.edu/#abs/2008ApJS..177..255L},
      adsnote = {Provided by the SAO/NASA Astrophysics Data System}
}

@ARTICLE{2008ApJ...682..384A,
       author = {{Arendt}, R.~G. and {Stolovy}, S.~R. and {Ram{\'\i}rez}, S.~V. and
        {Sellgren}, K. and {Cotera}, A.~S. and {Law}, C.~J. and {Yusef-
        Zadeh}, F. and {Smith}, H.~A. and {Gezari}, D.~Y.},
        title = ``{The Mid-Infrared Colors of the Interstellar Medium and Extended Sources
        at the Galactic Center}'',
      journal = {\apj},
     keywords = {dust, extinction, Galaxy: center, infrared: ISM, Astrophysics},
         year = 2008,
        month = Jul,
       volume = {682},
        pages = {384-399},
          doi = {10.1086/589635},
archivePrefix = {arXiv},
       eprint = {0804.4491},
 primaryClass = {astro-ph},
       adsurl = {https://ui.adsabs.harvard.edu/#abs/2008ApJ...682..384A},
      adsnote = {Provided by the SAO/NASA Astrophysics Data System}
}

@INPROCEEDINGS{2008IAUS..250..407L,
       author = {{Law}, Casey},
        title = ``{Evidence for a Mass Outflow from Our Galactic Center}'',
     keywords = {Galaxy: center, ISM: jets and outflows, galaxies: starburst},
    booktitle = {Massive Stars as Cosmic Engines},
         year = 2008,
       editor = {{Bresolin}, F. and {Crowther}, P.~A. and {Puls}, J.},
       volume = {250},
        month = Jun,
        pages = {407-412},
          doi = {10.1017/S1743921308020760},
       adsurl = {https://ui.adsabs.harvard.edu/#abs/2008IAUS..250..407L},
      adsnote = {Provided by the SAO/NASA Astrophysics Data System}
}

@ARTICLE{2008ApJ...676.1016D,
       author = {{Davies}, Ben and {Figer}, Don F. and {Law}, Casey J. and {Kudritzki},
        Rolf-Peter and {Najarro}, Francisco and {Herrero}, Artemio and
        {MacKenty}, John W.},
        title = ``{The Cool Supergiant Population of the Massive Young Star Cluster RSGC1}'',
      journal = {\apj},
     keywords = {masers, open clusters and associations: general, stars: evolution,
        stars: late-type, supergiants, Astrophysics},
         year = 2008,
        month = Apr,
       volume = {676},
        pages = {1016-1028},
          doi = {10.1086/527350},
archivePrefix = {arXiv},
       eprint = {0711.4757},
 primaryClass = {astro-ph},
       adsurl = {https://ui.adsabs.harvard.edu/#abs/2008ApJ...676.1016D},
      adsnote = {Provided by the SAO/NASA Astrophysics Data System}
}

@PHDTHESIS{2007PhDT........15L,
       author = {{Law}, Casey James},
        title = ``{Surveys of the Galactic center and the nature of the Galactic center
        lobe}'',
     keywords = {Galactic center lobe, Radio observations, Star formation, Interstellar
        medium, Radio astronomy, Astrophysics},
       school = {Northwestern University},
         year = 2007,
        month = Nov,
       adsurl = {https://ui.adsabs.harvard.edu/#abs/2007PhDT........15L},
      adsnote = {Provided by the SAO/NASA Astrophysics Data System}
}

@INPROCEEDINGS{2007wmdr.confE..33L,
       author = {{Law}, C.},
        title = ``{Early Results from a Transient Survey with LOFAR-CS1}'',
    booktitle = {Bursts, Pulses and Flickering: Wide-Field Monitoring of the Dynamic Radio Sky},
         year = 2007,
        month = Jan,
          eid = {33},
        pages = {33},
       adsurl = {https://ui.adsabs.harvard.edu/#abs/2007wmdr.confE..33L},
      adsnote = {Provided by the SAO/NASA Astrophysics Data System}
}

@INPROCEEDINGS{2006JPhCS..54..183C,
       author = {{Cotera}, A. and {Stolovy}, S. and {Ramirez}, S. and {Arendt}, R. and
        {Law}, C. and {Sellgren}, K. and {Gezari}, D. and {Yusef-Zadeh},
        F. and {Smith}, H. and {Whitney}, B.},
        title = ``{The Stellar Population in the Galactic Center: Insights from the Spitzer
        Space Telescope}'',
    booktitle = {Journal of Physics Conference Series},
         year = 2006,
       volume = {54},
        month = Dec,
        pages = {183-189},
          doi = {10.1088/1742-6596/54/1/031},
       adsurl = {https://ui.adsabs.harvard.edu/#abs/2006JPhCS..54..183C},
      adsnote = {Provided by the SAO/NASA Astrophysics Data System}
}

@INPROCEEDINGS{2006JPhCS..54..176S,
       author = {{Stolovy}, S. and {Ramirez}, S. and {Arendt}, R.~G. and {Cotera}, A. and
        {Yusef-Zadeh}, F. and {Law}, C. and {Gezari}, D. and {Sellgren},
        K. and {Karr}, J. and {Moseley}, H. and {Smith}, H.~A.},
        title = ``{A mid-infrared survey of the inner 2 {\texttimes} 1.5 degrees of the
        Galaxy with Spitzer/IRAC}'',
    booktitle = {Journal of Physics Conference Series},
         year = 2006,
       volume = {54},
        month = Dec,
        pages = {176-182},
          doi = {10.1088/1742-6596/54/1/030},
       adsurl = {https://ui.adsabs.harvard.edu/#abs/2006JPhCS..54..176S},
      adsnote = {Provided by the SAO/NASA Astrophysics Data System}
}

@INPROCEEDINGS{2006JPhCS..54..171G,
       author = {{Gezari}, D.~Y. and {Arendt}, R.~G. and {Smith}, R. and {Stolovy}, S.
        and {Yusef-Zadeh}, F. and {Law}, C. and {Smith}, H.~A. and
        {Moseley}, H. and {Ramirez}, S. and {Karr}, J. and {Cotera}, A.
        and {Sellgren}, K.},
        title = ``{Comparison of Spitzer/IRAC Galactic Center 3.6-8.0 {\ensuremath{\mu}}um
        survey results with X-ray emission in the central 40
        {\texttimes} 40 parsecs}'',
    booktitle = {Journal of Physics Conference Series},
         year = 2006,
       volume = {54},
        month = Dec,
        pages = {171-175},
          doi = {10.1088/1742-6596/54/1/029},
       adsurl = {https://ui.adsabs.harvard.edu/#abs/2006JPhCS..54..171G},
      adsnote = {Provided by the SAO/NASA Astrophysics Data System}
}

@ARTICLE{2006ApJ...650..203M,
       author = {{Muno}, Michael P. and {Law}, Casey and {Clark}, J. Simon and
        {Dougherty}, Sean M. and {de Grijs}, Richard and {Portegies
        Zwart}, Simon and {Yusef-Zadeh}, Farhad},
        title = ``{Diffuse, Nonthermal X-Ray Emission from the Galactic Star Cluster
        Westerlund 1}'',
      journal = {\apj},
     keywords = {Stars: Winds, Outflows, ISM: Supernova Remnants, X-Rays: ISM, X-Rays:
        Stars, Astrophysics},
         year = 2006,
        month = Oct,
       volume = {650},
        pages = {203-211},
          doi = {10.1086/507175},
archivePrefix = {arXiv},
       eprint = {astro-ph/0606492},
 primaryClass = {astro-ph},
       adsurl = {https://ui.adsabs.harvard.edu/#abs/2006ApJ...650..203M},
      adsnote = {Provided by the SAO/NASA Astrophysics Data System}
}

@INPROCEEDINGS{2006IAUJD..13E..25S,
       author = {{Smith}, H.~A. and {Stolovy}, S. and {Ramirez}, S. and {Law}, C. and
        {Gezari}, D. and {Arendt}, R. and {Cotera}, A. and {Karr}, J.
        and {Yusef-Zadeh}, F. and {Moseley}, H. and {Sellgren}, K. and
        {Smith}, R.},
        title = ``{The Spitzer Mid-Infrared Survey of the Inner 2 x 1.5 Degrees of the
        Galaxy}'',
    booktitle = {IAU Joint Discussion},
         year = 2006,
       volume = {26},
        month = Aug,
          eid = {25},
        pages = {25},
       adsurl = {https://ui.adsabs.harvard.edu/#abs/2006IAUJD..13E..25S},
      adsnote = {Provided by the SAO/NASA Astrophysics Data System}
}

@INPROCEEDINGS{2006smqw.confE.104F,
       author = {{Fender}, Robert P. and {Wijers}, R.~A.~M.~J. and {Stappers}, B. and
        {Braun}, R. and {Wise}, M. and {Coenen}, T. and {Falcke}, H. and
        {Griessmeier}, J. -M. and {Van Haarlem}, M. and {Jonker}, P.~G.
        and {Law}, C. and {Markoff}, S. and {Masters}, J. and {Miller-
        Jones}, J.~C.~A. and {Osten}, R. and {Scheers}, B. and
        {Spreeuw}, H. and {Swinbank}, J. and {Vogt}, C. and {Wijnands},
        R. and {Zarka}, P.},
        title = ``{The LOFAR Transients Key Project}'',
     keywords = {Astrophysics},
    booktitle = {VI Microquasar Workshop: Microquasars and Beyond},
         year = 2006,
        month = Jan,
          eid = {104.1},
        pages = {104.1},
archivePrefix = {arXiv},
       eprint = {astro-ph/0611298},
 primaryClass = {astro-ph},
       adsurl = {https://ui.adsabs.harvard.edu/#abs/2006smqw.confE.104F},
      adsnote = {Provided by the SAO/NASA Astrophysics Data System}
}

@ARTICLE{2006ApJ...636L..41M,
       author = {{Muno}, Michael P. and {Clark}, J. Simon and {Crowther}, Paul A. and
        {Dougherty}, Sean M. and {de Grijs}, Richard and {Law}, Casey
        and {McMillan}, Stephen L.~W. and {Morris}, Mark R. and
        {Negueruela}, Ignacio and {Pooley}, David and {Portegies Zwart},
        Simon and {Yusef-Zadeh}, Farhad},
        title = ``{A Neutron Star with a Massive Progenitor in Westerlund 1}'',
      journal = {\apj},
     keywords = {open clusters and associations: individual (Westerlund 1), Stars:
        Neutron, X-Rays: Stars, Astrophysics},
         year = 2006,
        month = Jan,
       volume = {636},
        pages = {L41-L44},
          doi = {10.1086/499776},
archivePrefix = {arXiv},
       eprint = {astro-ph/0509408},
 primaryClass = {astro-ph},
       adsurl = {https://ui.adsabs.harvard.edu/#abs/2006ApJ...636L..41M},
      adsnote = {Provided by the SAO/NASA Astrophysics Data System}
}

@INPROCEEDINGS{2005AAS...20718109C,
       author = {{Cotera}, A.~S. and {Stolovy}, S. and {Ramirez}, S. and {Karr}, J. and
        {Arendt}, R.~G. and {Gezari}, D. and {Moseley}, H. and {Law}, C.
        and {Yusef-Zadeh}, F. and {Sellgren}, K. and {Smith}, H.~A. and
        {Smith}, R.},
        title = ``{Massive Star Formation in the Galactic Center as Revealed by
        Spitzer/IRAC Observations}'',
    booktitle = {American Astronomical Society Meeting Abstracts},
         year = 2005,
       volume = {207},
        month = Dec,
          eid = {181.09},
        pages = {181.09},
       adsurl = {https://ui.adsabs.harvard.edu/#abs/2005AAS...20718109C},
      adsnote = {Provided by the SAO/NASA Astrophysics Data System}
}

@INPROCEEDINGS{2005AAS...20718108R,
       author = {{Ramirez}, S. and {Stolovy}, S. and {Arendt}, R.~G. and {Cotera}, A. and
        {Gezari}, D. and {Karr}, J. and {Law}, C. and {Moseley}, H. and
        {Sellgren}, K. and {Smith}, H.~A. and {Smith}, H.~A. and {Yusef-
        Zadeh}, F.},
        title = ``{Point Sources and Source Subtracted Images in a Spitzer/IRAC Survey of
        the Galactic Center}'',
    booktitle = {American Astronomical Society Meeting Abstracts},
         year = 2005,
       volume = {207},
        month = Dec,
          eid = {181.08},
        pages = {181.08},
       adsurl = {https://ui.adsabs.harvard.edu/#abs/2005AAS...20718108R},
      adsnote = {Provided by the SAO/NASA Astrophysics Data System}
}

@INPROCEEDINGS{2005AAS...20718107G,
       author = {{Gezari}, D.~Y. and {Arendt}, R.~G. and {Smith}, R. and {Yusef-Zadeh},
        F. and {Stolovy}, S. and {Law}, C. and {Smith}, H.~A. and
        {Moseley}, H. and {Ramirez}, S. and {Karr}, J. and {Cotera}, A.
        and {Sellgren}, K.},
        title = ``{Comparison of Spitzer/IRAC Galactic Center Mid-IR Survey Results with
        X-ray and Radio Emission Due to High-Energy Processes in the
        Central 100 Parsecs}'',
    booktitle = {American Astronomical Society Meeting Abstracts},
         year = 2005,
       volume = {207},
        month = Dec,
          eid = {181.07},
        pages = {181.07},
       adsurl = {https://ui.adsabs.harvard.edu/#abs/2005AAS...20718107G},
      adsnote = {Provided by the SAO/NASA Astrophysics Data System}
}

@INPROCEEDINGS{2005AAS...20718106A,
       author = {{Arendt}, R.~G. and {Stolovy}, S. and {Ramirez}, S. and {Law}, C. and
        {Cotera}, A. and {Karr}, J. and {Yusef-Zadeh}, F. and {Gezari},
        D. and {Moseley}, H. and {Sellgren}, K. and {Smith}, H.~A. and
        {Smith}, R.},
        title = ``{Spitzer/IRAC Mid-Infrared Colors of the ISM in the Central 200 pc of the
        Galaxy}'',
    booktitle = {American Astronomical Society Meeting Abstracts},
         year = 2005,
       volume = {207},
        month = Dec,
          eid = {181.06},
        pages = {181.06},
       adsurl = {https://ui.adsabs.harvard.edu/#abs/2005AAS...20718106A},
      adsnote = {Provided by the SAO/NASA Astrophysics Data System}
}

@INPROCEEDINGS{2005AAS...20718105S,
       author = {{Stolovy}, S. and {Ramirez}, S. and {Arendt}, R.~G. and {Gezari}, D. and
        {Law}, C. and {Cotera}, A. and {Karr}, J. and {Yusef-Zadeh}, F.
        and {Moseley}, H. and {Sellgren}, K. and {Smith}, H.~A. and
        {Smith}, R.},
        title = ``{A Mid-Infrared Survey of the Inner 2 x 1.5 Degrees of the Galaxy with
        Spitzer/IRAC}'',
    booktitle = {American Astronomical Society Meeting Abstracts},
         year = 2005,
       volume = {207},
        month = Dec,
          eid = {181.05},
        pages = {181.05},
       adsurl = {https://ui.adsabs.harvard.edu/#abs/2005AAS...20718105S},
      adsnote = {Provided by the SAO/NASA Astrophysics Data System}
}

@INPROCEEDINGS{2005AAS...20718101H,
       author = {{Hewitt}, J.~W. and {Yusef-Zadeh}, F. and {Stolovy}, S. and {Arendt},
        R.~G. and {Cotera}, A. and {Gezari}, D. and {Karr}, J. and
        {Law}, C. and {Moseley}, H. and {Ramirez}, S. and {Sellgren}, K.
        and {Smith}, H.~A. and {Smith}, R.},
        title = ``{The Sites of Massive Star Formation Toward the Galactic Center Region
        Using Methanol Masers}'',
    booktitle = {American Astronomical Society Meeting Abstracts},
         year = 2005,
       volume = {207},
        month = Dec,
          eid = {181.01},
        pages = {181.01},
       adsurl = {https://ui.adsabs.harvard.edu/#abs/2005AAS...20718101H},
      adsnote = {Provided by the SAO/NASA Astrophysics Data System}
}

@INPROCEEDINGS{2005AAS...20710305L,
       author = {{Law}, C.~J.},
        title = ``{A Study of the Galacic Center Lobe}'',
    booktitle = {American Astronomical Society Meeting Abstracts},
         year = 2005,
       volume = {207},
        month = Dec,
          eid = {103.05},
        pages = {103.05},
       adsurl = {https://ui.adsabs.harvard.edu/#abs/2005AAS...20710305L},
      adsnote = {Provided by the SAO/NASA Astrophysics Data System}
}

@INPROCEEDINGS{2005AAS...207.9103M,
       author = {{Muno}, M.~P. and {Clark}, J.~S. and {Crowther}, P.~A. and {Dougherty},
        S.~M. and {de Grijs}, R. and {Law}, C. and {McMillan}, S.~L.~W.
        and {Morris}, M.~R. and {Negueruela}, I. and {Pooley}, D. and
        {Portegies Zwart}, S. and {Yusef-Zadeh}, F.},
        title = ``{A Neutron Star with a Massive Progenitor in the Star Cluster Westerlund
        1}'',
    booktitle = {American Astronomical Society Meeting Abstracts},
         year = 2005,
       volume = {207},
        month = Dec,
          eid = {91.03},
        pages = {91.03},
       adsurl = {https://ui.adsabs.harvard.edu/#abs/2005AAS...207.9103M},
      adsnote = {Provided by the SAO/NASA Astrophysics Data System}
}

@MISC{2005sptz.prop20414Y,
       author = {{Yusef-Zadeh}, Farhad and {Burton}, Michael and {Joannah}, Joannah and
        {Law}, Casey and {Rieke}, George and {Wardle}, Mark},
        title = ``{A Large-scale Survey of the Galactic Center at 24 microns}'',
 howpublished = {Spitzer Proposal},
         year = 2005,
        month = Jun,
        pages = {20414},
       adsurl = {https://ui.adsabs.harvard.edu/#abs/2005sptz.prop20414Y},
      adsnote = {Provided by the SAO/NASA Astrophysics Data System}
}

@INPROCEEDINGS{2005xrrc.procE3.06L,
       author = {{Law}, C. and {Yusef-Zadeh}, F.},
        title = ``{Study of Two Galactic Center Star-Forming Regions: Sgr B and Sgr C}'',
     keywords = {X-ray, radio, massive star cluster outflows},
    booktitle = {X-Ray and Radio Connections},
         year = 2005,
       editor = {{Sjouwerman}, L.~O. and {Dyer}, K.~K.},
        month = Apr,
          eid = {3.06},
        pages = {3.06},
       adsurl = {https://ui.adsabs.harvard.edu/#abs/2005xrrc.procE3.06L},
      adsnote = {Provided by the SAO/NASA Astrophysics Data System}
}

@INPROCEEDINGS{2005prpl.conf.8115S,
       author = {{Stolovy}, S. and {Ramirez}, S. and {Karr}, J. and {Law}, C. and {Yusef-
        Zadeh}, F. and {Sellgren}, K. and {Cotera}, A. and {Arendt}, R.
        and {Gezari}, D. and {Moseley}, H. and {Smith}, H.~A. and
        {Smith}, R.},
        title = ``{Massive Star Formation in the Galactic Center: Spitzer/IRAC Observations
        of the Sickle, Quintuplet, and Pistol}'',
    booktitle = {Protostars and Planets V Posters},
         year = 2005,
        month = Jan,
        pages = {8115},
       adsurl = {https://ui.adsabs.harvard.edu/#abs/2005prpl.conf.8115S},
      adsnote = {Provided by the SAO/NASA Astrophysics Data System}
}

@ARTICLE{2005astro.ph..1316Y,
       author = {{Yusef-Zadeh}, F. and {Cotton}, W. and {Hewitt}, J. and {Law}, C. and
        {Maddalena}, R. and {Roberts}, D.~A.},
        title = ``{Starburst Driven Thermal and Non-thermal Structures in the Galactic
        Center Region}'',
      journal = {ArXiv e-prints},
     keywords = {Astrophysics},
         year = 2005,
        month = Jan,
          eid = {astro-ph/0501316},
        pages = {astro-ph/0501316},
archivePrefix = {arXiv},
       eprint = {astro-ph/0501316},
 primaryClass = {astro-ph},
       adsurl = {https://ui.adsabs.harvard.edu/#abs/2005astro.ph..1316Y},
      adsnote = {Provided by the SAO/NASA Astrophysics Data System}
}

@ARTICLE{2005AdSpR..35.1074Y,
       author = {{Yusef-Zadeh}, F. and {Wardle}, M. and {Muno}, M. and {Law}, C. and
        {Pound}, M.},
        title = ``{The nature of nonthermal X-ray filaments near the galactic center}'',
      journal = {Advances in Space Research},
     keywords = {Astrophysics},
         year = 2005,
        month = Jan,
       volume = {35},
        pages = {1074-1084},
          doi = {10.1016/j.asr.2005.02.057},
archivePrefix = {arXiv},
       eprint = {astro-ph/0502260},
 primaryClass = {astro-ph},
       adsurl = {https://ui.adsabs.harvard.edu/#abs/2005AdSpR..35.1074Y},
      adsnote = {Provided by the SAO/NASA Astrophysics Data System}
}

@MISC{2004sptz.prop.3677S,
       author = {{Stolovy}, Susan and {Arendt}, Rick and {Gezari}, Daniel and {Karr},
        Jennifer and {Law}, Casey and {Moseley}, Harvey and {Ramirez},
        Solange and {Sellgren}, Kristen and {Smith}, Randall and {Yusef-
        Zadeh}, Farhad},
        title = ``{High Resolution Imaging of the Galactic Center with Spitzer/IRAC}'',
 howpublished = {Spitzer Proposal},
         year = 2004,
        month = Sep,
        pages = {3677},
       adsurl = {https://ui.adsabs.harvard.edu/#abs/2004sptz.prop.3677S},
      adsnote = {Provided by the SAO/NASA Astrophysics Data System}
}

@ARTICLE{2004ApJ...611..858L,
       author = {{Law}, C. and {Yusef-Zadeh}, F.},
        title = ``{X-Ray Observations of Stellar Clusters Near the Galactic Center}'',
      journal = {\apj},
     keywords = {Galaxy: Center, Galaxy: open clusters and associations: individual
        (Arches), Galaxy: open clusters and associations: individual
        (Quintuplet), Stars: Wolf-Rayet, X-Rays: Galaxies: Clusters,
        Astrophysics},
         year = 2004,
        month = Aug,
       volume = {611},
        pages = {858-870},
          doi = {10.1086/422307},
archivePrefix = {arXiv},
       eprint = {astro-ph/0404544},
 primaryClass = {astro-ph},
       adsurl = {https://ui.adsabs.harvard.edu/#abs/2004ApJ...611..858L},
      adsnote = {Provided by the SAO/NASA Astrophysics Data System}
}

@INPROCEEDINGS{2004AAS...204.5903H,
       author = {{Hewitt}, J.~W. and {Yusef-Zadeh}, F. and {Roberts}, D.~A. and {Law},
        C.~J. and {Cotton}, W.~D. and {Maddalena}, R.~J.},
        title = ``{A 20cm Survey of the Galactic Center Region using the VLA and GBT}'',
    booktitle = {American Astronomical Society Meeting Abstracts \#204},
         year = 2004,
       volume = {204},
        month = May,
          eid = {59.03},
        pages = {59.03},
       adsurl = {https://ui.adsabs.harvard.edu/#abs/2004AAS...204.5903H},
      adsnote = {Provided by the SAO/NASA Astrophysics Data System}
}

@INPROCEEDINGS{2004AAS...204.5902L,
       author = {{Law}, C.~J. and {Yusef-Zadeh}, F. and {Roberts}, D.~A. and {Hewitt},
        J.~W. and {Cotton}, W.~D. and {Maddalena}, R.~J.},
        title = ``{Multiwavelength, GBT survey of the Continuum Emission from the Inner Few
        Degrees of the Galactic Center}'',
    booktitle = {American Astronomical Society Meeting Abstracts \#204},
         year = 2004,
       volume = {204},
        month = May,
          eid = {59.02},
        pages = {59.02},
       adsurl = {https://ui.adsabs.harvard.edu/#abs/2004AAS...204.5902L},
      adsnote = {Provided by the SAO/NASA Astrophysics Data System}
}

@INPROCEEDINGS{2004cosp...35.2042Y,
       author = {{Yusef-Zadeh}, F. and {Gaensler}, B. and {Law}, C.},
        title = ``{A Polarization and Spectral Study of the Mouse}'',
    booktitle = {35th COSPAR Scientific Assembly},
         year = 2004,
       volume = {35},
        month = Jan,
        pages = {2042},
       adsurl = {https://ui.adsabs.harvard.edu/#abs/2004cosp...35.2042Y},
      adsnote = {Provided by the SAO/NASA Astrophysics Data System}
}

@ARTICLE{2003ANS...324..271L,
       author = {{Law}, Casey and {Yusef-Zadeh}, Farhad},
        title = ``{X-ray Emission from Stellar Clusters Near the Galactic Center}'',
      journal = {Astronomische Nachrichten Supplement},
         year = 2003,
        month = Sep,
       volume = {324},
        pages = {271-277},
          doi = {10.1002/asna.200385067},
       adsurl = {https://ui.adsabs.harvard.edu/#abs/2003ANS...324..271L},
      adsnote = {Provided by the SAO/NASA Astrophysics Data System}
}

@ARTICLE{2003ApJ...590L.103Y,
       author = {{Yusef-Zadeh}, F. and {Nord}, M. and {Wardle}, M. and {Law}, C. and
        {Lang}, C. and {Lazio}, T.~J.~W.},
        title = ``{Nonthermal Emission from the Arches Cluster (G0.121+0.017) and the
        Origin of {\ensuremath{\gamma}}-ray Emission from 3EG J1746-2851}'',
      journal = {\apj},
     keywords = {ISM: Abundances, ISM: Cosmic Rays, Galaxy: Center, X-Rays: ISM,
        Astrophysics},
         year = 2003,
        month = Jun,
       volume = {590},
        pages = {L103-L106},
          doi = {10.1086/376854},
archivePrefix = {arXiv},
       eprint = {astro-ph/0305291},
 primaryClass = {astro-ph},
       adsurl = {https://ui.adsabs.harvard.edu/#abs/2003ApJ...590L.103Y},
      adsnote = {Provided by the SAO/NASA Astrophysics Data System}
}

@ARTICLE{2002ApJ...576..274M,
       author = {{McQuinn}, Kristen B.~W. and {Simon}, Robert and {Law}, Casey J. and
        {Jackson}, James M. and {Bania}, T.~M. and {Clemens}, Dan P. and
        {Heyer}, Mark H.},
        title = ``{A Comparison of $^{13}$CO and CS Emission in the Inner Galaxy}'',
      journal = {\apj},
     keywords = {Galaxy: General, ISM: Clouds, ISM: Molecules, Radio Lines: ISM, Surveys},
         year = 2002,
        month = Sep,
       volume = {576},
        pages = {274-284},
          doi = {10.1086/341538},
       adsurl = {https://ui.adsabs.harvard.edu/#abs/2002ApJ...576..274M},
      adsnote = {Provided by the SAO/NASA Astrophysics Data System}
}

@ARTICLE{2002ApJ...570..665Y,
       author = {{Yusef-Zadeh}, F. and {Law}, C. and {Wardle}, M. and {Wang}, Q.~D. and
        {Fruscione}, A. and {Lang}, C.~C. and {Cotera}, A.},
        title = ``{Detection of X-Ray Emission from the Arches Cluster near the Galactic
        Center}'',
      journal = {\apj},
     keywords = {Galaxies: ISM, Galaxy: Center, Stars: Mass Loss, Stars: Winds, Outflows,
        X-Rays: ISM, Astrophysics},
         year = 2002,
        month = May,
       volume = {570},
        pages = {665-670},
          doi = {10.1086/340058},
archivePrefix = {arXiv},
       eprint = {astro-ph/0108174},
 primaryClass = {astro-ph},
       adsurl = {https://ui.adsabs.harvard.edu/#abs/2002ApJ...570..665Y},
      adsnote = {Provided by the SAO/NASA Astrophysics Data System}
}

@INPROCEEDINGS{2002AAS...200.4403L,
       author = {{Law}, C.~J. and {Yusef-Zadeh}, F.},
        title = ``{X-ray Emission from Stellar Clusters near the Galactic Center}'',
    booktitle = {American Astronomical Society Meeting Abstracts \#200},
         year = 2002,
       volume = {200},
        month = May,
          eid = {44.03},
        pages = {44.03},
       adsurl = {https://ui.adsabs.harvard.edu/#abs/2002AAS...200.4403L},
      adsnote = {Provided by the SAO/NASA Astrophysics Data System}
}

@ARTICLE{2002ApJ...568L.121Y,
       author = {{Yusef-Zadeh}, F. and {Law}, C. and {Wardle}, M.},
        title = ``{The Origin of X-Ray Emission from a Galactic Center Molecular Cloud:
        Low-Energy Cosmic-Ray Electrons}'',
      journal = {\apj},
     keywords = {ISM: Cosmic Rays, Galaxy: Center, ISM: Abundances, X-Rays: ISM,
        Astrophysics},
         year = 2002,
        month = Apr,
       volume = {568},
        pages = {L121-L125},
          doi = {10.1086/340379},
archivePrefix = {arXiv},
       eprint = {astro-ph/0202442},
 primaryClass = {astro-ph},
       adsurl = {https://ui.adsabs.harvard.edu/#abs/2002ApJ...568L.121Y},
      adsnote = {Provided by the SAO/NASA Astrophysics Data System}
}

@INPROCEEDINGS{2001AAS...19910902Y,
       author = {{Yusef-Zadeh}, F. and {Law}, C. and {Wardle}, M.},
        title = ``{An X-ray Gas Associated with the Galactic Center Radio Arc}'',
    booktitle = {American Astronomical Society Meeting Abstracts},
         year = 2001,
       volume = {199},
        month = Dec,
          eid = {109.02},
        pages = {109.02},
       adsurl = {https://ui.adsabs.harvard.edu/#abs/2001AAS...19910902Y},
      adsnote = {Provided by the SAO/NASA Astrophysics Data System}
}

@INPROCEEDINGS{2001tysc.confE.254Y,
       author = {{Yusef-Zadeh}, F. and {Law}, C.},
        title = ``{The Nature of X-ray Filaments Associated with the Galactic Center Arc}'',
     keywords = {NORMAL GALAXIES},
    booktitle = {Two Years of Science with Chandra},
         year = 2001,
        month = Sep,
          eid = {254},
        pages = {254},
       adsurl = {https://ui.adsabs.harvard.edu/#abs/2001tysc.confE.254Y},
      adsnote = {Provided by the SAO/NASA Astrophysics Data System}
}

@INPROCEEDINGS{2001tysc.confE..49Y,
       author = {{Yusef-Zadeh}, F. and {Law}, C. and {Fruscione}, A.},
        title = ``{X-ray Emission from the Star Clusters Near the Galactic Center}'',
     keywords = {NORMAL STARS AND WHITE DWARFS},
    booktitle = {Two Years of Science with Chandra},
         year = 2001,
        month = Sep,
          eid = {49},
        pages = {49},
       adsurl = {https://ui.adsabs.harvard.edu/#abs/2001tysc.confE..49Y},
      adsnote = {Provided by the SAO/NASA Astrophysics Data System}
}

@INPROCEEDINGS{2001AAS...198.8709Y,
       author = {{Yusef-Zadeh}, F. and {Cotera}, A. and {Fruscione}, A. and {Lang}, C.
        and {Law}, C. and {Wang}, D. and {Wardle}, M.},
        title = ``{Chandra Observations of the Galactic Center Radio Arc: Detection of
        X-ray Emission from the Arches Cluster}'',
    booktitle = {American Astronomical Society Meeting Abstracts \#198},
         year = 2001,
       volume = {198},
        month = May,
          eid = {87.09},
        pages = {87.09},
       adsurl = {https://ui.adsabs.harvard.edu/#abs/2001AAS...198.8709Y},
      adsnote = {Provided by the SAO/NASA Astrophysics Data System}
}

@INPROCEEDINGS{2001ASPC..231..265C,
       author = {{Clemens}, D.~P. and {Jackson}, J.~M. and {Bania}, T.~M. and {Simon}, R.
        and {Kolpak}, M. and {Law}, C. and {Heyer}, M.~H.},
        title = ``{The BU-FCRAO Milky Way Galactic Ring Survey}'',
    booktitle = {Tetons 4: Galactic Structure, Stars and the Interstellar Medium},
         year = 2001,
       editor = {{Woodward}, Charles E. and {Bicay}, Michael D. and {Shull}, J. Michael},
       volume = {231},
        month = Jan,
        pages = {265},
       adsurl = {https://ui.adsabs.harvard.edu/#abs/2001ASPC..231..265C},
      adsnote = {Provided by the SAO/NASA Astrophysics Data System}
}

@INPROCEEDINGS{2000AAS...196.2506K,
       author = {{Kolpak}, M.~A. and {Simon}, R. and {Bania}, T.~M. and {Clemens}, D.~P.
        and {Jackson}, J.~M. and {Law}, C.~J. and {Heyer}, M.~H. and
        {Egan}, M.~P. and {Price}, S.~D.},
        title = ``{The BU-FCRAO Milky Way Galactic Ring Survey: Determining the Distances
        to Infrared Point Sources}'',
    booktitle = {American Astronomical Society Meeting Abstracts \#196},
         year = 2000,
       volume = {196},
        month = May,
          eid = {25.06},
        pages = {25.06},
       adsurl = {https://ui.adsabs.harvard.edu/#abs/2000AAS...196.2506K},
      adsnote = {Provided by the SAO/NASA Astrophysics Data System}
}

@INPROCEEDINGS{2000AAS...196.2505L,
       author = {{Law}, C.~J. and {Simon}, R. and {Bania}, T.~M. and {Clemens}, D.~P. and
        {Heyer}, M.~H. and {Jackson}, J.~M. and {Kolpak}, M.~A.},
        title = ``{The BU-FCRAO Galactic Ring Survey: Comparison of CS with $^{13}$CO
        Emission}'',
    booktitle = {American Astronomical Society Meeting Abstracts \#196},
         year = 2000,
       volume = {196},
        month = May,
          eid = {25.05},
        pages = {25.05},
       adsurl = {https://ui.adsabs.harvard.edu/#abs/2000AAS...196.2505L},
      adsnote = {Provided by the SAO/NASA Astrophysics Data System}
}

@INPROCEEDINGS{1999AAS...194.8907B,
       author = {{Brainerd}, T.~G. and {Law}, C.~J. and {Brauher}, J. and {Djorgovski},
        S.~G. and {Banas}, K.},
        title = ``{The Angular Clustering of Faint Galaxies in Quasar Fields}'',
    booktitle = {American Astronomical Society Meeting Abstracts \#194},
         year = 1999,
       volume = {194},
        month = May,
          eid = {89.07},
        pages = {89.07},
       adsurl = {https://ui.adsabs.harvard.edu/#abs/1999AAS...194.8907B},
      adsnote = {Provided by the SAO/NASA Astrophysics Data System}
}

@INPROCEEDINGS{1999AAS...194.5307J,
       author = {{Janes}, K.~A. and {Law}, C.~J.},
        title = ``{Fundamental Properties of Star Clusters: A Fresh Look at ``Fitting''
        Stellar Models to Color-Magnitude Diagrams}'',
    booktitle = {American Astronomical Society Meeting Abstracts \#194},
         year = 1999,
       volume = {194},
        month = May,
          eid = {53.07},
        pages = {53.07},
       adsurl = {https://ui.adsabs.harvard.edu/#abs/1999AAS...194.5307J},
      adsnote = {Provided by the SAO/NASA Astrophysics Data System}
}

@INPROCEEDINGS{1999ASPC..193..411B,
       author = {{Brainerd}, T.~G. and {Law}, C.~J. and {Brauher}, J. and {Djorgovski},
        S.~G. and {Banas}, K.},
        title = ``{The Clustering of Faint Galaxies on Small Angular Scales}'',
     keywords = {Astrophysics},
    booktitle = {The Hy-Redshift Universe: Galaxy Formation and Evolution at High Redshift},
         year = 1999,
       editor = {{Bunker}, Andrew J. and {van Breugel}, Wil J.~M.},
       volume = {193},
        month = Jan,
        pages = {411},
archivePrefix = {arXiv},
       eprint = {astro-ph/9908148},
 primaryClass = {astro-ph},
       adsurl = {https://ui.adsabs.harvard.edu/#abs/1999ASPC..193..411B},
      adsnote = {Provided by the SAO/NASA Astrophysics Data System}
}

